2769 3518
1260 209 1281 244 7

325 323 441 364 Nunc
468 324 661 364 ad-aliud
688 324 856 364 transire
885 324 1015 364 liceat.
1065 324 1218 363 Tritum
1247 327 1309 363 est
1328 320 1656 377 Πελοπόννησος
1683 335 1755 375 per
1782 323 1932 375 duplex
1952 325 1983 362 ῐῑ
2004 323 2134 363 scribi.
2175 322 2322 363 Omnes

217 387 378 439 quidem
407 392 447 428 et
475 383 726 440 Thucydidis
753 392 793 428 et
820 387 1057 439 tragicorum
1086 393 1127 428 et
1153 387 1426 439 Xenophontis
1455 387 1627 428 editores
1655 387 1727 426 has
1755 399 1893 427 vocum
1922 387 2068 427 formas
2105 387 2145 426 in
2172 392 2321 428 textum

216 457 463 504 receperunt.
525 452 606 492 Sed
642 452 817 492 codicem
845 452 1125 501 Casselanum,
1166 464 1286 503 quem
1323 451 1425 490 falso
1462 452 1845 502 praestantissimum
1883 456 2016 503 putat,
2061 451 2205 501 ubique
2240 452 2322 491 fere

216 515 315 555 talia
349 528 421 568 per
447 529 567 556 unum
597 520 626 556 ῖι
650 515 835 556 exhibere
871 514 993 556 tradit
1019 516 1155 569 Poppo
1186 516 1228 556 in
1255 515 1390 555 adnot.
1422 514 1474 555 ad
1501 515 1520 555 I
1553 518 1568 554 1
1611 515 1856 567 eandemque
1894 514 2093 556 scribendi
2130 515 2322 555 rationem

216 580 257 618 in
293 580 384 619 aliis
422 581 533 620 libris
572 580 796 620 observavit
831 579 1102 619 deterioribus.
1161 580 1266 627 Quin
1302 579 1423 619 etiam
1460 579 1751 619 Laurentianus
1786 580 1887 631 plut.
1919 581 1970 617 69
2000 579 2085 618 cod.
2121 581 2164 626 2,
2205 592 2321 629 quem

218 643 426 683 Bekkerus
452 644 495 683 in
523 656 661 684 comm.
684 647 846 683 menstr.
877 643 990 683 acad.
1023 643 1155 683 Berol.
1183 645 1282 682 1855
1309 657 1349 695 p.
1375 646 1423 681 47
1446 655 1531 694 sqq.
1563 643 1715 683 decimo
1743 643 1902 682 saeculo
1931 642 2154 694 adscripsit,
2186 655 2325 693 quem-

217 719 293 757 que
330 707 435 747 inter
462 707 631 758 optimos
668 706 808 757 habet,
851 704 1178 759 Πελοπόννησος
1214 719 1285 758 per
1320 719 1440 746 unum
1470 708 1500 746 ἶ
1526 706 1687 746 exhibet
1714 707 1733 745 I
1765 710 1799 756 1,
1838 709 1878 754 1;
1924 706 1943 745 I
1972 708 2007 754 2,
2043 708 2086 753 3;
2128 706 2147 744 Ι
2180 709 2239 755 10,
2274 708 2317 752 2;

217 771 236 808 Ι
270 774 329 819 12,
363 774 386 810 3
415 775 455 810 et
483 774 527 818 43
570 771 589 809 I
621 772 680 819 13,
716 773 754 809 5.
814 771 912 810 Cum
949 771 1081 821 priora
1118 783 1189 810 sex
1222 770 1319 809 folia
1355 783 1380 809 a
1416 770 1632 810 recentiore
1666 783 1784 809 manu
1821 770 1967 821 scripta
2003 781 2092 808 esse
2129 770 2326 808 notaverit

218 834 417 883 Schoene‚
459 834 628 874 fortasse
666 833 824 886 putabis
851 834 945 873 illas
973 833 1120 874 formas
1148 833 1458 885 neglegentioris
1486 833 1636 874 librarii
1665 845 1775 881 esse3
1818 833 1890 873 sed
1917 845 1967 873 ne
1996 837 2135 885 postea
2162 832 2322 883 quidem

220 899 336 938 aliter
362 899 403 937 in
431 899 507 938 hoc
533 898 808 948 antiquissimo
836 898 970 937 codice
998 898 1247 937 exhibentur.
1307 897 1388 937 Cfr.
1421 897 1600 937 Schoene
1629 897 1680 936 ad
1709 898 1727 935 Ι
1756 899 1819 945 23,
1845 900 1888 944 4;
1925 897 1940 934 1
1970 899 2034 946 23,
2065 900 2106 944 2;
2140 898 2159 935 I
2189 899 2251 944 31,
2282 900 2319 943 1;

217 962 237 1000 I
266 963 329 1011 32,
363 965 406 1009 5;
448 962 467 1000 Ι
497 963 560 1010 36,
595 964 640 1009 2;
681 961 700 999 I
733 963 818 1009 143,
856 964 901 1008 5;
940 961 980 999 II
1011 964 1045 1010 1,
1083 964 1097 999 1
1137 961 1253 1000 alias.
1311 961 1364 1000 At
1397 965 1529 1000 tamen
1557 961 1692 1012 Poppo
1729 960 1853 1009 cavit,
1892 972 1942 999 ne
1977 960 2158 999 dissertis
2194 960 2324 999 verbis

220 1025 334 1074 hanc,
368 1037 470 1075 quae
499 1037 618 1063 unum
648 1028 679 1063 ¹¹7
699 1024 832 1073 habet,
865 1024 1030 1063 formam
1053 1024 1280 1076 Thucydidi
1307 1024 1546 1071 vindicaret;
1578 1024 1728 1063 iudicat
1755 1024 1987 1074 scripturam
2017 1036 2088 1074 per
2116 1026 2144 1063 ‘17
2163 1024 2324 1074 Thucy—

220 1088 315 1128 dide
344 1089 531 1128 seriorem
560 1100 663 1127 esse.
722 1087 838 1135 Quod
865 1088 962 1127 mihi
989 1100 1066 1127 non
1094 1088 1297 1139 probatur;
1337 1100 1430 1128 nam
1459 1087 1705 1138 Thucydidis
1739 1087 1881 1137 reliqui
1910 1087 2025 1127 codd.
2058 1087 2197 1138 optimi
2225 1087 2324 1127 scri-

218 1155 392 1203 pturam,
431 1164 534 1202 quae
562 1155 623 1191 est
650 1163 722 1203 per
750 1150 897 1202 duplex
928 1152 967 1201 ῖν,
1001 1154 1172 1191 tuentur.
1230 1151 1281 1191 Et
1309 1151 1585 1204 Xenophontis
1613 1163 1768 1201 quoque
1795 1151 1886 1191 libri
1914 1151 2092 1202 plerique
2120 1162 2255 1191 omnes
2283 1150 2324 1190 in

219 1216 368 1266 duplici
399 1218 425 1255 ῦ
454 1215 694 1266 conspirant.

325 1278 555 1330 Praeposito
593 1276 670 1318 σύν
706 1282 825 1329 atque
853 1278 1047 1318 vocabula
1074 1268 1122 1318 e}
1156 1278 1233 1318 hac
1266 1279 1561 1330 praepositione
1589 1279 1806 1338 composita
1833 1279 1876 1318 in
1910 1279 2049 1328 lingua
2076 1279 2271 1317 communi
2299 1290 2324 1317 a

218 1354 243 1381 a
270 1342 385 1381 litera
414 1343 446 1380 ff
480 1341 691 1393 incipiunt,
733 1342 774 1381 in
811 1341 1031 1391 antiquiore
1069 1353 1162 1381 vero
1190 1341 1321 1381 Attica
1357 1341 1526 1382 dialecto
1554 1354 1579 1381 a
1607 1341 1630 1389 ξ
1663 1353 1712 1381 ea
1745 1341 1921 1392 incipere
1958 1345 2041 1381 tum
2076 1341 2322 1392 grammatici

219 1406 380 1454 docent,
421 1410 503 1444 tum
532 1410 709 1444 veterum
738 1406 954 1444 Atticorum
991 1405 1223 1455 scriptorum
1261 1418 1357 1444 usus
1390 1407 1531 1456 probat
1565 1406 1779 1456 praecipue
1814 1405 2030 1444 obveniens
2065 1406 2178 1444 nobis
2214 1406 2323 1456 apud

219 1469 468 1521 Sophoclem,
502 1468 746 1520 Euripidem,
781 1468 1084 1520 Aristophanem
1104 1474 1144 1510 et
1162 1482 1211 1510 ex
1232 1471 1383 1510 solutae
1413 1470 1600 1510 orationis
1629 1469 1883 1521 scriptoribus
1901 1469 2009 1520 apud
2029 1469 2319 1520 Thucydidem.

220 1532 287 1571 Sic
314 1544 379 1584 ap.
412 1532 530 1584 Soph.
560 1532 664 1570 Phil.
701 1533 799 1570 1335
838 1530 912 1579 ξὺν
949 1531 1086 1571 τοῖσδε
1124 1531 1260 1580 τόξοις
1296 1531 1371 1581 ξύν
1402 1529 1439 1571 τ’
1472 1532 1564 1583 ἐμοὶ
1592 1535 1752 1585 πέρσας
1790 1536 1946 1586 φανῇς,
1989 1538 2028 1573 et
2064 1533 2183 1585 paulo
2219 1532 2323 1574 infra

220 1594 293 1644 ξὺν
320 1599 410 1647 θεῷ
437 1593 479 1634 δ’
512 1594 739 1648 εἰρήσεται,
781 1596 873 1634 Eur.
906 1597 1028 1635 Rhes.
1061 1599 1137 1635 763
1174 1596 1369 1649 ξύνθημα
1398 1597 1540 1644 λέξας;
1581 1598 1707 1635 Thuc.
1739 1597 1757 1634 I
1787 1599 1823 1643 3,
1861 1600 1873 1633 1
1921 1595 2139 1645 ξύμπασα;
2179 1597 2198 1635 Ι
2228 1599 2264 1644 8,
2302 1600 2318 1634 1

219 1659 525 1711 ξυντεθαμένῃς
558 1659 578 1698 Ι
606 1661 669 1708 26,
695 1660 737 1706 3;
769 1659 788 1698 Ι
818 1660 880 1708 58,
920 1662 958 1707 1;
991 1660 1029 1699 Π
1061 1662 1095 1709 1,
1133 1663 1174 1708 1;
1208 1660 1248 1700 II
1276 1662 1340 1709 67,
1373 1663 1416 1708 4;
1451 1660 1490 1698 II
1523 1662 1613 1708 103;
1646 1660 1665 1699 Ι
1695 1662 1744 1699 86
1774 1658 1847 1707 ξὺν
1875 1667 1961 1705 τοῖς
1990 1663 2109 1705 θεοῖς
2139 1659 2324 1708 ἐπίωμεν

220 1721 291 1760 ἐπὶ
319 1720 415 1768 τοὺς
444 1719 703 1767 ἀδικοῦντας.

325 1786 488 1826 Photius
524 1787 696 1836 itemque
735 1785 880 1825 Suidas
916 1786 966 1825 de
1003 1786 1203 1825 veteribus
1230 1786 1372 1825 Atticis
1408 1787 1674 1825 tradiderunt:
1726 1785 1800 1833 ξὺν
1830 1787 2085 1838 Θουκυδίδης
2124 1784 2217 1826 ἀντὶ
2253 1791 2326 1825 τοῦ

220 1849 309 1898 σὺν,
350 1849 420 1888 καὶ
459 1847 511 1887 τὰ
541 1846 645 1888 ἄλλα
680 1845 731 1887 τὰ
769 1844 914 1899 ὅμοια·
961 1844 1068 1888 οὕτω
1098 1848 1168 1888 καὶ
1205 1847 1245 1888 οἱ
1282 1849 1456 1889 παλαιοὶ
1495 1847 1663 1897 πάντες.
1721 1849 1771 1889 Et
1807 1854 1868 1890 est
1901 1849 1943 1889 in
1971 1849 2190 1890 Marcellini
2218 1850 2324 1890 vitae

220 1914 469 1965 Thucydidis
497 1915 749 1966 paragrapho
778 1916 845 1952 52:
897 1911 951 1960 ὡς
980 1913 1051 1953 ἐπὶ
1079 1915 1278 1954 πλεῖστον
1306 1914 1350 1954 δὲ
1379 1919 1526 1968 χρῆται
1560 1919 1607 1966 τῇ
1637 1912 1790 1966 ἀρχαίᾳ
1820 1911 1983 1964 ἇτθίδι,
2027 1914 2049 1967 ἢ
2088 1913 2134 1954 τὸ
2173 1907 2205 1962 ξ
2232 1912 2323 1954 ἀντὶ

219 1982 293 2019 τοῦ
314 1981 342 2018 ὅ
364 1978 637 2031 παρείληφεν,
662 1973 763 2018 ὅταν
782 1978 1017 2030 ξυνέγραψε
1038 1979 1108 2017 καὶ
1127 1979 1339 2029 ξυμμαχία
1359 1979 1470 2030 λέγῃ.
1506 1979 1617 2018 Idem
1636 1979 1824 2018 iudicium
1844 1979 2043 2018 Lucianus
2062 1992 2214 2029 quoque
2234 1979 2321 2019 fert.

219 2043 272 2082 At
297 2047 432 2082 tamen
454 2042 608 2092 inillis,
641 2054 739 2092 quos
759 2042 877 2082 modo
896 2042 993 2092 dixi,
1027 2042 1282 2095 scriptoribus
1302 2055 1447 2094 magna
1474 2043 1515 2082 in
1543 2042 1735 2094 scriptura
1754 2041 1869 2081 huius
1889 2042 1997 2082 vocis
2017 2043 2187 2082 cernitur
2214 2043 2323 2083 codi-

220 2119 308 2145 cum
335 2106 621 2150 inconstantia;
655 2118 746 2144 nam
766 2107 830 2144 vel
851 2106 988 2155 optimi
1007 2105 1121 2145 codd.
1146 2106 1393 2157 Thucydidis
1413 2111 1452 2144 et
1470 2106 1758 2156 Aristophanis,
1791 2110 1834 2144 ut
1852 2106 2087 2157 Sophoclem
2107 2112 2146 2145 et
2165 2107 2322 2158 Euripi-

220 2169 310 2209 dem
339 2168 528 2217 omittam,
563 2166 639 2208 σύν
667 2165 737 2219 pro
768 2167 843 2216 ξύν
870 2174 1080 2219 usurpant,
1113 2170 1169 2209 ita
1195 2174 1238 2209 ut
1264 2183 1340 2208 non
1369 2170 1535 2208 multum
1562 2170 1603 2208 in
1631 2169 1743 2208 libris
1771 2182 1865 2207 mss.
1898 2170 1949 2207 sit
1977 2171 2180 2220 praesidii.
2238 2171 2321 2209 Nec

218 2231 494 2285 inscriptiones
512 2232 615 2272 inter
633 2236 841 2283 utramque
861 2230 1025 2272 formam
1044 2244 1122 2272 non
1141 2231 1309 2272 variant.
1352 2231 1513 2283 Legitur
1531 2232 1571 2271 in
1590 2231 1843 2284 inscriptione
1863 2245 1930 2284 ap.
1949 2231 2124 2272 Boeckh.
2147 2233 2166 2272 I
2185 2246 2223 2284 p.
2244 2233 2318 2271 220

218 2310 257 2335 n.
286 2299 373 2345 147,
398 2298 421 2333 3
444 2299 552 2334 ΚΑΙ
578 2297 1059 2345 ΧΣΥΝΑΡΧΟΝΤΕΣ,
1084 2297 1125 2335 in
1145 2297 1398 2346 sequentibus
1416 2301 1547 2335 autem
1568 2308 1725 2347 semper
1745 2299 1852 2333 ΚΑΙ
1879 2297 2316 2335 ΣΥΝΑΡΧΟΝΤΕΣ.

219 2359 292 2398 Est
310 2360 410 2399 haec
427 2359 631 2409 inscriptio
660 2373 710 2398 ex
730 2359 792 2399 Ol.
816 2361 881 2407 92,
906 2362 941 2398 3.
984 2360 1057 2398 Vel
1076 2360 1117 2397 in
1136 2360 1275 2406 altera,
1308 2372 1412 2408 quae
1432 2360 1549 2398 etiam
1576 2360 1772 2408 antiquior
1790 2359 1946 2397 videtur
1965 2372 2064 2407 esse,
2098 2364 2321 2397 constanter

221 2419 298 2461 σύν
326 2422 522 2473 scribitur,
554 2422 596 2462 ib
634 2435 674 2475 p.
702 2423 775 2461 116
803 2435 842 2462 n.
866 2424 928 2462 76.
990 2421 1069 2463 Sed
1095 2422 1243 2463 nullius
1272 2421 1354 2463 fere
1382 2421 1568 2463 momenti
1597 2422 1672 2462 hae
1702 2421 1804 2462 duae
1832 2421 2109 2474 inscriptiones
2137 2421 2320 2462 videntur

221 2499 323 2525 esse.
382 2487 485 2525 Nam
518 2487 595 2525 iam
626 2486 798 2525 Boeckh.
832 2500 869 2537 p.
904 2490 980 2537 2¹1¹
1009 2487 1044 2524 A
1072 2487 1176 2526 med.
1208 2499 1281 2526 nos
1317 2487 1474 2526 edocuit
1505 2492 1545 2526 et
1580 2500 1641 2525 me
1677 2487 1805 2537 ipsum
1833 2487 2021 2536 magister
2051 2475 2221 2525 maxime
2249 2500 2320 2526 ve-

220 2549 417 2591 nerandus
450 2549 642 2589 Rudolfus
679 2549 837 2590 Schoell
875 2550 1041 2590 docebat
1082 2550 1155 2590 has
1199 2550 1299 2590 duas
1335 2550 1609 2602 inscriptiones
1645 2550 1872 2601 apographa
1910 2562 1997 2589 esse
2045 2554 2219 2590 veterum
2257 2551 2320 2590 in-

221 2613 487 2665 scriptionum,
521 2614 669 2666 scripta
695 2617 784 2665 post
812 2614 1016 2654 Euclidem
1045 2614 1286 2655 archontem.
1327 2614 1378 2654 Et
1405 2615 1439 2654 si
1466 2614 1687 2654 accuratius
1714 2614 1986 2665 inscriptiones
2013 2614 2315 2665 inspexerimus,

222 2678 396 2728 exceptis
424 2677 506 2717 illis
536 2678 689 2717 duobus
717 2678 959 2729 apographis
995 2690 1188 2729 nusquam
1217 2683 1309 2718 ante
1338 2678 1514 2717 Euclidis
1542 2678 1739 2717 archontis
1766 2690 1910 2717 annum
1943 2677 2089 2717 formas
2116 2690 2188 2729 per
2216 2680 2247 2716 δ’
2281 2679 2321 2717 in

222 2740 424 2790 lapidibus
451 2741 712 2792 reperiemus,
755 2751 831 2790 quo
858 2753 962 2782 anno
990 2753 1134 2780 novum
1171 2742 1427 2792 alphabetum
1466 2741 1714 2780 constitutum
1744 2746 1816 2779 est.
1874 2741 2018 2779 Postea
2045 2753 2139 2779 vero
2167 2753 2323 2793 semper

222 2801 263 2840 in
292 2814 388 2842 saxo
416 2802 603 2843 inciditur
631 2800 720 2853 σύν,
759 2809 1034 2855 praeterquam
1063 2804 1104 2843 in
1133 2804 1391 2844 sollemnibus
1419 2803 1651 2855 quibusdam
1682 2803 1960 2853 locutionibus,
2001 2815 2100 2854 quas
2137 2803 2322 2855 religiose

224 2870 483 2905 servaverunt
508 2871 676 2917 veteres,
716 2867 826 2906 verbi
854 2868 983 2917 gratia
1011 2867 1052 2906 in
1080 2868 1276 2907 locutione
1304 2866 1468 2919 γνώμην
1496 2865 1809 2917 ξυμβάλλεσθαι
1838 2866 1880 2913 ἐς
1908 2866 1981 2906 τὸν
2009 2867 2153 2920 δῆμον.
2212 2868 2323 2916 Quae

226 2927 260 2965 si
286 2927 342 2967 ita
370 2940 413 2968 se
441 2929 599 2978 habent,
633 2935 801 2981 apparet
830 2931 1076 2982 scriptorum,
1109 2931 1176 2982 qui
1204 2931 1423 2981 antiquiore
1451 2931 1580 2970 Attica
1608 2930 1776 2970 dialecto
1806 2931 2027 2980 utebantur,
2060 2931 2182 2971 veluti
2211 2933 2325 2971 Thu-

225 2989 388 3041 cydides
426 2996 466 3031 et
493 2993 794 3044 Aristophanes,
835 2994 1034 3045 propriam
1071 2994 1195 3033 fuisse
1229 2995 1460 3045 scripturam
1498 3007 1568 3044 per
1595 2985 1633 3040 ξ,
1685 3007 1786 3043 quae
1823 2994 1950 3032 forma
1982 2995 2090 3045 apud
2133 3008 2202 3034 eos
2239 2997 2326 3036 sola
