2769 3518
1413 192 1524 229 14-

380 309 538 360 κλῃται.
579 321 646 359 ap.
677 308 772 347 Eur.
804 307 921 346 Herc.
953 306 1029 346 fur.
1061 308 1138 345 997
1168 306 1278 357 κλῇε.
1319 306 1466 346 Phoen.
1500 307 1576 345 865
1606 303 1774 357 κλῄσας.
1815 306 1938 347 Andr.
1972 307 2046 345 503
2076 306 2317 357 κεκλῃμένα.
2364 306 2486 345 Rhes.

379 373 454 411 304
492 370 624 423 ἔκλῃε.
672 370 761 410 Hel.
795 371 872 409 983
907 367 1159 422 κεκλῄμεθα.
1214 382 1280 421 ap.
1312 369 1511 422 Aristoph.
1543 369 1643 410 th.
1675 372 1753 410 479
1791 370 1953 423 κλῇσαι.
2011 369 2119 411 Idem
2157 369 2413 422 Xenophonti
2449 373 2489 410 et

378 435 535 475 Platoni
576 433 828 474 tribuendum
874 445 964 474 esse
1007 433 1289 484 grammaticus
1333 433 1493 484 quidam
1537 433 1658 474 tradit
1697 434 1739 473 iu
1779 434 2056 486 Epimerismis
2098 432 2259 473 Homeri
2301 432 2489 481 (Crameri

378 496 528 537 Anecd.
562 496 687 537 Oxon.
719 497 799 535 vol.
830 497 850 536 I
879 509 918 548 p.
952 498 1044 545 224,
1076 498 1160 546 23):
1212 501 1335 536 τοῦτο
1370 497 1514 547 (κλείω)
1551 496 1588 535 οἱ
1624 497 1813 549 τραγικοὶ
1840 496 1949 549 κλῄω
1979 498 2157 549 λέγουσι,
2194 496 2266 534 καὶ
2294 495 2334 534 οἱ
2362 495 2489 543 πεζο-

379 558 495 612 λόγοι
523 556 593 599 διὰ
620 563 695 600 τοῦ
718 565 746 611 ῇ
774 559 844 598 καὶ
876 558 1153 614 Θουκυδίδης·
1191 555 1297 600 ὅθεν
1325 560 1395 600 καὶ
1422 560 1610 614 κλῇθρον
1635 556 1720 600 ὑπό
1750 574 1877 601 τινων
1903 560 2064 615 εἴρηται
2091 560 2160 600 καὶ
2189 559 2391 613 Ξενοφῶν
2417 559 2489 599 καὶ

378 622 562 663 Πλάτων
588 624 660 663 καὶ
688 623 727 662 οἱ
756 624 932 673 κωμικοὶ
961 621 1031 663 διὰ
1060 629 1134 664 τοῦ
1172 618 1261 677 ἦτα.
1321 625 1437 664 Certe
1475 624 1583 676 apud
1611 625 1815 664 Platonem
1850 624 1925 665 hoc
1963 626 2127 665 verbum
2164 625 2206 664 in
2244 623 2358 663 codd.
2389 634 2486 662 mss.

377 687 477 727 libro
505 687 652 739 optimo
679 699 752 739 per
775 689 803 739 ᾖ
831 687 1065 740 plerumque
1094 688 1283 740 scriptum
1312 687 1503 739 legimus,
1542 700 1616 728 nec
1645 687 1789 729 desunt
1815 688 2053 730 creberrima
2079 687 2244 729 alterius
2272 686 2489 739 scripturae

377 751 566 800 vestigia3
613 763 686 802 per
712 756 738 801 ᾗ
770 754 831 790 est
859 763 926 802 ap.
957 752 1061 791 Plat.
1093 752 1213 802 Resp.
1246 751 1341 790 VIII
1382 764 1422 802 p.
1456 753 1532 790 560
1560 750 1606 790 C.
1667 752 1868 805 Κλῇθρον
1900 752 2023 801 illud,
2063 751 2168 803 quod
2205 749 2489 802 grammaticus

377 813 489 863 citat,
525 814 558 854 si
586 812 683 865 quid
710 813 908 865 Kruegeri
936 815 1160 855 auctoritati
1187 819 1248 855 est
1274 814 1544 863 tribuendum,
1581 815 1649 866 qui
1676 815 1717 855 in
1744 816 1877 856 indice
1905 817 2112 856 verborum
2140 815 2373 855 Anabaseos
2400 809 2490 853 edi-

374 877 471 917 tioni
499 877 636 918 addito
664 876 726 917 illi
752 877 903 918 nomini
933 878 1089 929 signum
1119 878 1245 918 crucis
1273 877 1433 928 adiecit,
1470 890 1548 929 quo
1576 878 1691 930 signo
1719 880 1914 920 vocabula
1940 883 2061 929 notat,
2099 878 2242 930 quibus
2268 876 2489 929 Xenophon

376 941 533 980 nonnisi
560 941 602 979 in
629 941 809 980 Anabasi
838 953 934 981 usus
962 946 1042 989 est,
1085 942 1208 980 semel
1241 945 1352 980 extat
1378 953 1444 992 ap.
1476 943 1781 994 Xenophontem
1809 942 1938 982 Anab.
1970 942 2046 982 VH
2077 945 2111 991 1,
2148 944 2194 980 17
2232 952 2361 992 neque
2388 940 2490 980 alio-

379 1004 496 1052 quin;
530 1004 669 1054 optimi
699 1017 793 1043 vero
812 1004 928 1043 codd.
951 1005 1005 1043 ibi
1025 1005 1213 1043 exhibent
1241 1005 1452 1055 κλεῖθρον,
1485 1006 1591 1055 quod
1619 1009 1854 1057 receperunt
1872 1005 2115 1045 recentiores
2134 1004 2315 1044 editores.
2352 1004 2489 1056 Ipsum

375 1066 536 1107 verbum
574 1067 728 1108 κλείειν
763 1072 804 1108 et
840 1068 1020 1108 derivata
1056 1068 1106 1107 ab
1143 1080 1190 1107 eo
1231 1068 1488 1118 investiganti
1523 1068 1620 1108 mihi
1657 1073 1866 1108 occurrunt
1902 1068 2048 1119 Cyrop.
2080 1068 2156 1107 VH
2183 1071 2221 1116 5,
2255 1071 2304 1106 25
2347 1067 2385 1106 εἰ
2421 1068 2491 1106 καὶ

377 1126 590 1169 ἄκλειστοι
619 1129 663 1170 αἱ
692 1128 825 1171 πύλαι
852 1126 946 1170 εἷεν.
993 1129 1090 1170 ibid.
1123 1129 1388 1181 κεκλειμένας
1416 1126 1653 1185 εὑρίσκουσι
1681 1128 1755 1179 τὰς
1783 1129 1933 1179 πύλας.
1982 1130 2091 1172 Hell.
2123 1131 2158 1172 V
2187 1133 2223 1180 4,
2259 1132 2279 1170 7
2311 1127 2490 1180 ἐξιόντες

379 1194 424 1232 δὲ
454 1191 579 1233 εἶπον
606 1193 682 1247 τὴν
710 1194 850 1246 θύραν
878 1195 1133 1233 κεκλεῖσθαι.
1193 1196 1324 1245 Vulgo
1351 1207 1428 1234 non
1457 1207 1528 1246 per
1551 1202 1578 1246 ,ἢ
1611 1195 1681 1234 sed
1709 1207 1781 1246 per
1809 1194 2096 1246 diphthongum
2133 1197 2176 1233 εἴ
2203 1194 2245 1233 in
2272 1193 2387 1233 codd.
2419 1206 2490 1234 ex-

376 1260 462 1296 tant
491 1256 655 1298 formae.
708 1257 798 1305 Qua
825 1257 875 1297 de
905 1269 1039 1305 causa,
1072 1270 1122 1297 ne
1150 1258 1449 1308 grammaticum
1477 1258 1590 1298 illum
1619 1270 1845 1309 sequamur,
1877 1270 2112 1303 caveamus;
2146 1258 2217 1297 sed
2245 1255 2385 1308 κλῄειν
2401 1269 2489 1296 cum

379 1319 571 1360 derivatis
598 1321 809 1371 antiquiori
837 1320 992 1361 Atticae
1021 1321 1191 1362 dialecto
1218 1321 1456 1370 tribuemus,
1499 1321 1651 1361 κλείειν
1685 1325 1817 1361 autem
1856 1325 1896 1361 et
1930 1321 2130 1373 κλεῖθρον
2163 1325 2207 1359 ut
2234 1319 2491 1371 Xenophonti

378 1383 614 1433 tribuamus,
648 1384 738 1424 libri
767 1388 940 1424 monent.

484 1448 568 1487 Iam
598 1447 802 1488 sciendum
831 1452 913 1496 est,
955 1448 1074 1487 etiam
1112 1448 1216 1498 quod
1244 1448 1297 1487 ad
1324 1452 1531 1488 accentum
1559 1449 1721 1497 attinet,
1764 1448 1974 1488 discrimen
2007 1447 2208 1497 quoddam
2244 1447 2490 1486 intercedere

377 1509 480 1550 inter
507 1514 664 1550 veteres
693 1510 906 1562 scriptores
934 1511 1086 1551 Atticos
1114 1515 1234 1562 atque
1261 1511 1566 1562 Xenophontem
1595 1524 1682 1551 cum
1712 1512 1874 1562 reliquis
1902 1510 2129 1562 posterioris
2156 1510 2298 1549 aetatis
2326 1510 2492 1561 scripto-

377 1573 486 1614 ribus
514 1573 671 1615 Atticis.

485 1637 742 1677 Grammatici
772 1637 914 1677 Atticis
942 1638 1142 1678 veteribus
1171 1637 1336 1688 ἑτοῖμος
1364 1638 1586 1685 vindicant,
1628 1639 1800 1689 itemque
1830 1637 1992 1691 ἐρῆμος,
2027 1633 2191 1687 ὁμοῖος7
2224 1637 2491 1689 τροπαῖον.Μξ

376 1700 591 1740 Herodian.
624 1702 723 1753 περὶ
761 1699 971 1754 μονήρους
1005 1702 1088 1750 λεξ.
1119 1715 1158 1753 p.
1194 1703 1255 1749 33,
1295 1704 1358 1739 10:
1411 1698 1533 1741 οὐδὲν
1567 1701 1627 1748 εἰς
1661 1704 1737 1752 iffi}
1773 1702 1899 1755 λῆγον
1935 1698 2042 1754 ὑπὲρ
2080 1699 2155 1741 δύο
2193 1699 2405 1751 συλλαβὰς
2442 1706 2490 1753 τῇ

377 1767 422 1803 δῖ
441 1763 667 1817 διφθόγγῳ
697 1763 1049 1817 παραληγόμενον
1078 1769 1436 1816 προπερισπᾶται,
1471 1762 1577 1804 ἀλλὰ
1604 1764 1736 1814 μόνον
1765 1763 1811 1804 τὸ
1832 1765 2011 1815 ἑτοῖμος.
2054 1765 2137 1803 Καὶ
2165 1769 2288 1804 τοῦτο
2308 1765 2353 1803 δὲ
2382 1762 2488 1816 παρ’

372 1825 577 1875 Ἀττικοῖς
606 1835 695 1874 τοῖς
722 1830 940 1880 νεωτέροις
969 1828 1076 1882 φασὶ
1105 1825 1524 1883 προγταροξὺνεσθαι.
1580 1828 1683 1868 Ibid.
1716 1842 1755 1881 p.
1779 1829 1843 1876 33,
1880 1830 1918 1867 1:
1971 1827 2137 1882 ἕρημος.
2180 1824 2302 1868 οὐδὲν
2329 1827 2389 1875 εἰς
2416 1831 2491 1879 iso-g

376 1892 503 1943 λῆγον
529 1888 638 1942 ὑπὲρ
668 1890 741 1930 δύο
771 1890 981 1941 συλλαβὰς
1010 1890 1440 1943 προπαροξυνόμενον
1468 1896 1524 1942 τῷ
1548 1898 1576 1943 ᾖ
1606 1890 1893 1944 παραλήγεται
1923 1888 2028 1930 ἀλλὰ
2056 1889 2187 1940 μόνον
2215 1890 2367 1943 ἔρημος
2400 1888 2491 1937 »(Ως

376 1953 437 1993 ἰ’δε
465 1958 602 2007 χῶρον
630 1954 824 2007 ἔρημον«.
876 1950 1053 1994 Ἀττικοὶ
1082 1957 1226 2005 μέντοι
1262 1952 1634 2006 προπαροξύνουσι
1663 1953 1738 2007 τὴν
1765 1954 1889 2002 λέξιν.
1948 1954 2203 1994 Manifestum
2240 1958 2300 1994 est
2328 1954 2386 1994 sic
2413 1967 2491 1995 non

377 2018 567 2068 scriptum
607 2030 697 2057 esse
735 2019 785 2056 ab
815 2017 1042 2057 Herodiano
1078 2023 1117 2057 et
1144 2018 1212 2057 vix
1240 2018 1404 2057 dubium
1442 2022 1520 2067 est,
1562 2018 1629 2057 ubi
1667 2018 1719 2058 sit
1754 2018 1888 2058 mendi
1921 2018 2045 2058 locus.
2104 2017 2165 2057 Ex
2199 2017 2348 2058 ultimis
2386 2017 2491 2058 enim

379 2081 511 2120 v'erbis
549 2082 668 2131 plane
705 2086 874 2131 apparet
902 2082 1171 2120 Herodianum
1209 2094 1279 2132 pro
1315 2080 1747 2132 προπαροξυνόμενον
1783 2087 1823 2120 et
1859 2081 2014 2133 ἐ’ρημον
2049 2081 2255 2131 scripsisse
2284 2094 2491 2132 προπερι-

379 2142 603 2194 σπώμενον
630 2147 669 2184 et
706 2142 859 2198 ἐρῆμον
886 2148 926 2184 et
964 2144 1037 2185 sub
1066 2158 1161 2185 voce
1191 2140 1370 2184 Ἀττικοί
1406 2144 1726 2185 subintellexisse
1764 2145 2000 2185 recentiores
2028 2144 2195 2185 Atticos.
2254 2145 2354 2185 Item
2388 2145 2504 2195 quod,

378 2221 442 2260 ap.
476 2208 690 2248 Arcadium
719 2221 758 2260 p.
792 2210 855 2257 61,
890 2210 964 2248 22:
997 2207 1043 2248 τὸ
1073 2208 1118 2248 δὲ
1147 2208 1313 2260 ἕτοιμος
1333 2204 1532 2258 Ἀττικόν7
1567 2206 1613 2247 τὸ
1643 2208 1687 2248 δὲ
1717 2207 1881 2259 ἑτοῖμος
1909 2206 2052 2249 κοινόν
2078 2208 2239 2261 legitur,
2270 2220 2386 2249 nemo
2413 2221 2493 2249 non

377 2273 601 2323 intelleget,
653 2284 864 2323 perversas
907 2284 996 2311 esse
1030 2277 1262 2312 accentuum
1300 2273 1432 2312 sedes,
1500 2273 1677 2322 Itemque
1714 2284 1801 2311 cum
1839 2285 1904 2324 ap.
1938 2273 2167 2324 Schweigh.
2207 2272 2303 2312 Lex.
2341 2271 2487 2312 Arcad.

378 2349 417 2386 p.
451 2338 513 2383 61,
541 2338 564 2374 6
593 2336 788 2386 legimus:
824 2334 975 2387 ἕρημος
1005 2331 1190 2381 ἇττικῶς,
1226 2335 1377 2387 ἐρῆμος
1405 2336 1450 2374 δὲ
1480 2334 1598 2385 παρὰ
1626 2340 1682 2385 τῷ
1710 2340 1861 2386 ποιητῗ
1890 2336 2060 2375 fortasse
2088 2335 2401 2384 intellegendum
2432 2340 2492 2374 est

378 2396 530 2452 ’ἕρημος
558 2401 722 2446 κοινῶς,
766 2398 830 2440 vel
860 2394 1039 2439 Ἀττικοὶ
1068 2397 1107 2438 οἱ
1135 2395 1339 2450 νεώτεροι.
1397 2397 1496 2438 Fere
1524 2397 1631 2438 idem
1659 2399 1768 2439 valet
1794 2398 1848 2439 ad
1877 2394 2023 2448 ὅμοιος
2050 2403 2090 2438 et
2121 2393 2287 2447 ὁμοῖος,
2327 2411 2491 2449 quorum

378 2462 544 2501 alteram
574 2462 808 2514 scripturam
838 2474 909 2514 per
937 2461 1231 2502 circumflexum
1253 2461 1457 2504 veteribus
1478 2460 1632 2510 Atticis,
1664 2462 1830 2503 alteram
1849 2462 2131 2503 recentioribus
2150 2460 2337 2502 usitatam
2365 2460 2492 2502 fuisse

377 2526 500 2563 tradit
535 2527 667 2576 Etym.
698 2526 805 2575 Mag.
839 2538 877 2576 p.
912 2528 1008 2574 244,
1042 2528 1107 2563 42.
1172 2526 1355 2575 Denique
1393 2525 1443 2564 de
1480 2529 1645 2565 accentu
1684 2525 2034 2578 properispomeno
2073 2524 2194 2565 etiam
2230 2523 2491 2564 conferendus

379 2593 441 2629 est
470 2588 651 2629 Eustath.
683 2589 731 2628 11.
764 2602 802 2640 p.
832 2591 923 2636 206,
959 2592 1028 2636 133
1064 2592 1154 2639 531,
1188 2592 1260 2628 35:
1295 2591 1385 2637 569,
1422 2590 1489 2630 18:
1526 2591 1614 2636 799,
1648 2591 1719 2635 403
1761 2589 1836 2628 Od.
1868 2603 1908 2640 p.
1937 2591 2049 2638 1817,
2080 2592 2142 2628 15.
2199 2588 2286 2628 Iam
2312 2588 2354 2627 in
2382 2588 2493 2628 Thu-

378 2652 535 2703 cydidis
565 2652 679 2691 libris
708 2664 802 2691 mss.
835 2652 994 2704 optimis
1023 2657 1150 2692 utrum
1179 2653 1411 2704 praevaleat
1440 2648 1597 2702 ὁμοῖος,
1629 2665 1681 2691 an
1711 2649 1867 2702 ὅμοιος,
1899 2652 2073 2693 incertus
2097 2663 2204 2699 sum;
2238 2655 2342 2691 certe
2362 2651 2489 2691 Vatic.

377 2716 395 2753 Ι
425 2717 489 2763 25,
523 2719 546 2754 4
586 2712 711 2765 ὁμοῖα
740 2720 781 2755 et
809 2716 866 2755 sic
894 2727 1050 2768 semper
1077 2717 1097 2755 I
1126 2718 1190 2766 77,
1225 2719 1247 2754 4
1277 2717 1349 2762 al.,
1391 2715 1464 2755 sed
1494 2715 1796 2776 Laurentianus·
1819 2712 1958 2766 ὅμοια.
2017 2714 2245 2766 Cisalpinus
2283 2718 2493 2767 praestan—

376 2779 553 2820 tissimus
583 2780 729 2832 ubique
759 2779 833 2820 sibi
853 2779 1010 2821 videtur
1038 2784 1219 2820 constare
1247 2779 1320 2820 illa
1338 2779 1500 2820 nomina
1528 2779 1878 2832 properispomena
1897 2779 2104 2820 exhibens.
2155 2778 2223 2819 Sic
2241 2791 2345 2819 nuuc
2363 2778 2492 2819 ubivis

439 2954 442 2957 -
487 2931 503 2948 ¹¹
526 2929 597 2963 Cfr.
625 2930 664 2962 L.
691 2928 853 2962 Dindorf.
877 2928 914 2961 in
936 2928 1045 2971 praef.
1071 2929 1115 2962 ad
1138 2929 1265 2972 Cyrop.
1291 2938 1325 2970 p.
1343 2928 1441 2962 V111.

465 2984 503 3001 ‘⁴'
527 2982 598 3016 Cfr.
625 2983 816 3025 Goettling,
843 2982 1076 3016 Accentlehre
1099 2993 1131 3026 p.
1152 2984 1225 3015 302.
