2769 3518
1378 209 1401 246 2

339 327 408 368 καὶ
437 324 575 381 σαφὴς
603 323 802 378 καθάπερ
833 323 1003 374 ἐκεῖνος.
1053 324 1209 378 ἐκλέγει
1237 324 1282 366 δὲ
1311 322 1497 377 ὀνόματα
1527 322 1689 379 συνήθη
1720 340 1762 366 τε
1787 324 1855 365 καὶ
1882 328 2083 380 προσφυῆ
2115 333 2203 374 τοῖς
2231 321 2449 378 πράγμασι

339 394 407 430 καὶ
437 394 685 443 συντίθησιν
713 387 819 429 αὐτὰ
850 387 979 442 ἡδέως
1008 390 1123 429 πάνυ
1151 391 1220 428 καὶ
1249 393 1568 441 κεχαρισμένως,
1602 386 1676 439 οὐχ
1706 384 1829 442 ἧττον
1852 386 2100 441 εΗροὸότου.
2378 415 2381 418 ·

445 455 578 503 Quint.
618 454 656 494 J.
690 453 736 493 O.
771 455 808 493 Χ
845 467 883 505 p.
918 456 995 493 223
1032 454 1124 494 edit.
1167 455 1253 505 Bip.
1295 455 1336 493 iu
1371 454 1474 493 hunc
1511 454 1593 493 fere
1631 454 1791 493 modum
1828 454 1878 494 dc
1915 467 1962 494 eo
1999 455 2188 505 loquitur:
2239 453 2335 504 quid
2372 466 2448 503 ego

338 530 635 558 commemorem
669 518 947 569 Xenophontis
984 518 1269 557 iucunditatem
1305 517 1728 565 illaminaffectatam,
1772 517 1843 555 sed
1872 529 1991 566 quam
2019 518 2131 556 nulla
2165 517 2291 568 possit
2326 517 2450 555 affec-

339 582 435 622 tatio
463 580 669 631 consequi,
714 585 757 620 ut
783 581 897 633 ipsae
926 581 1088 620 finxisse
1125 592 1345 620 sermonem
1375 579 1535 619 Gratiae
1573 578 1781 619 videantur
1817 584 1857 619 et
1894 580 1933 618 in
1970 579 2074 620 hunc
2109 579 2315 620 transferri
2348 578 2450 619 illud

338 646 552 685 iustissime
591 645 717 695 possit
752 645 793 683 in
830 645 953 684 labris
988 645 1074 683 eius
1111 644 1264 683 sedisse
1300 643 1500 693 quandam
1537 643 1804 694 persuadendi
1840 642 1971 682 dcam.
2031 644 2159 682 Etiam
2197 644 2293 682 alibi
2330 642 2451 682 simili

337 709 453 748 modo
482 709 531 748 de
561 709 648 747 eius
676 708 897 748 elocutione
925 708 1089 748 iudicat.

444 772 562 822 Diog.
596 772 728 812 Laert.
761 786 799 823 p.
834 774 881 810 19
910 772 1051 814 habet:
1087 770 1271 810 ἐκαλεῖτο
1300 770 1344 809 δὲ
1373 770 1443 809 καὶ
1462 767 1624 822 Ἀττικὴ
1651 774 1788 819 μοῦσα
1816 767 2037 822 γλυκύτητι
2064 775 2136 822 τῆς
2165 770 2382 822 ἑρμηνείας
2410 775 2449 809 et

339 835 485 874 Suidas
515 846 545 873 s.
581 848 617 871 v.
653 836 878 886 Ecvocptbw:
928 831 1054 880 αὐτὸς
1083 834 1127 872 δὲ
1155 830 1315 885 Ἀττικὴ
1343 834 1514 882 μέλιττα
1552 830 1862 882 ἐπωνομάζετο.
1922 832 2104 882 Denique
2132 834 2174 872 in
2201 834 2449 883 Hermogene

340 899 438 949 περὶ
469 902 539 950 τῆς
568 902 643 937 τοῦ
672 899 721 939 Ξ.
755 898 869 944 ἰδέας
898 902 977 938 est:
1013 895 1204 948 καθαρὸς
1233 896 1277 936 δὲ
1306 896 1375 935 καὶ
1404 893 1603 949 εὐκρινὴς,
1648 895 1767 947 εἴπερ
1797 910 1859 942 τις
1887 894 2039 947 ἕτερος,
2074 892 2095 935 ὃ
2126 897 2341 949 Ξενοφῶν.

446 962 551 1009 Quin
580 962 700 1001 etiam
737 974 825 1000 cum
861 962 1051 1012 pleraque
1079 961 1241 999 nomina
1267 960 1426 1011 propria
1453 960 1562 1011 apud
1591 959 1764 999 Graecos
1801 963 1949 998 certam
1978 964 2018 999 et
2046 960 2297 999 manifestam
2325 959 2451 1011 signi-

339 1026 560 1065 ficationem
590 1025 797 1069 haberent,
840 1038 917 1064 non
947 1024 1122 1072 defuere,
1165 1024 1233 1072 qui
1262 1023 1535 1063 existimarent
1562 1037 1638 1062 non
1668 1023 1814 1062 frustra
1842 1028 1880 1060 et
1908 1035 2011 1062 vano
2039 1023 2169 1062 omine
2197 1024 2450 1075 Xenophonti

339 1101 482 1137 nomen
520 1088 688 1127 inditum
728 1099 830 1127 esse.
892 1088 1046 1127 Nomen
1082 1087 1187 1126 enim
1226 1086 1502 1138 Xenophontis
1539 1086 1762 1137 significare
1799 1098 1908 1135 eum,
1954 1086 2021 1136 qui
2058 1099 2160 1125 nova
2202 1086 2374 1136 quadam
2412 1091 2452 1125 et

339 1151 535 1201 singulari
563 1150 722 1190 dicendi
763 1151 951 1190 facultate
991 1150 1199 1201 praeditus
1237 1154 1363 1195 esset;
1408 1150 1586 1200 componi
1615 1163 1639 1189 a
1667 1150 1787 1197 ξένον
1812 1149 1841 1187 i.
1874 1161 1909 1188 e.
1942 1161 2109 1198 novum,
2151 1150 2372 1199 singulare,
2414 1153 2453 1188 et

339 1216 460 1266 (peirn,
503 1226 575 1265 pro
603 1226 681 1263 quo
711 1216 820 1265 φημί
856 1214 977 1252 Attici
1010 1217 1260 1263 usurparent.
1319 1213 1404 1251 Hoc
1440 1225 1531 1251 vero
1565 1225 1707 1252 nomen
1736 1213 1773 1251 ei
1794 1212 1978 1260 ,inditum
2007 1224 2097 1251 esse
2125 1213 2175 1251 ob
2210 1212 2451 1262 singularem

339 1276 532 1317 sermonis
566 1276 801 1316 suavitatem
831 1281 870 1316 et
897 1276 1167 1315 inaffectatam
1204 1274 1505 1314 iucunditatem.
1565 1275 1645 1315 Sed
1673 1275 1742 1314 alii
1772 1275 1887 1315 aliter
1915 1275 1964 1314 de
1993 1275 2268 1326 Xenophontis
2296 1275 2452 1314 nomine

339 1344 562 1379 senserunt.

448 1403 696 1442 Intellexeris
730 1408 864 1442 tamen
902 1414 1039 1441 omnes
1077 1405 1234 1441 veteres
1268 1401 1482 1451 scriptores
1518 1401 1558 1440 in
1594 1401 1712 1440 laude
1751 1401 1984 1440 elocutionis
2013 1400 2325 1452 Xenophontcae
2361 1414 2453 1441 con-

340 1466 487 1506 sentire
516 1471 634 1516 atque
662 1466 719 1505 ita
747 1465 796 1505 de
826 1478 873 1505 eo
900 1465 1102 1514 iudicare,
1144 1470 1186 1504 ut
1213 1464 1281 1503 vix
1308 1464 1349 1503 in
1377 1463 1661 1504 dubitationem
1690 1464 1823 1504 vocari
1859 1464 2006 1516 possit,
2047 1465 2140 1514 quin
2171 1465 2452 1505 recentioribus

342 1529 600 1580 scriptoribus
629 1529 770 1567 Atticis
799 1528 1121 1567 adnumerandus
1150 1528 1213 1576 sit,
1247 1540 1388 1576 neque,
1426 1540 1502 1577 quo
1531 1540 1626 1566 usus
1655 1532 1715 1566 est
1744 1527 1903 1567 dicendi
1930 1539 2089 1577 genere,
2123 1540 2212 1567 cum
2241 1528 2453 1580 asperitate

342 1597 382 1630 et
408 1592 641 1630 austeritate
670 1592 830 1630 dialecti
860 1591 1095 1641 antiquioris
1123 1590 1443 1641 comparandum.

450 1654 585 1703 Longe
615 1654 731 1693 aliter
759 1654 809 1693 de
839 1666 886 1692 eo
915 1653 1133 1692 sentientes
1160 1653 1284 1692 nostri
1314 1652 1401 1691 aevi
1431 1653 1615 1703 permulti
1645 1653 1717 1692 viri
1738 1652 1843 1692 docti
1871 1652 2030 1692 crimini
2045 1653 2083 1692 ei
2110 1652 2317 1703 dederunt,
2350 1653 2454 1703 quod

340 1717 480 1767 lingua
513 1717 564 1755 sit
591 1717 873 1768 impromptus,
916 1716 1056 1765 durus,
1102 1716 1251 1755 rudis*
1306 1716 1444 1765 Neque
1473 1717 1612 1755 mirum
1642 1716 1717 1755 hoc
1744 1721 1817 1755 est.
1877 1716 2090 1756 Sciendum
2120 1717 2223 1755 enim
2261 1729 2453 1767 persaepe

341 1780 461 1819 libros
490 1778 766 1832 Xenophontis
794 1779 953 1819 nomine
983 1783 1141 1819 ornatos
1171 1791 1277 1829 esse,
1311 1778 1378 1830 qui
1405 1777 1662 1819 abiudicandi
1690 1779 1727 1819 ei
1756 1784 1860 1830 sunt,
1896 1779 2020 1820 veluti
2047 1792 2097 1820 ex
2126 1780 2204 1829 eis,
2238 1780 2305 1830 qui
2333 1780 2453 1820 etiam

341 1857 446 1883 nunc
479 1849 636 1893 extant,
678 1844 840 1884 libellus
867 1844 938 1883 ille
966 1844 1015 1883 de
1045 1844 1251 1895 republica
1277 1843 1640 1882 Atheniensiumf*
1695 1843 1818 1883 Cuius
1847 1844 1971 1883 libelli
1999 1844 2213 1884 auctoritas
2241 1844 2295 1883 ad
2322 1845 2456 1884 elocu-

342 1908 487 1947 tionem
509 1907 840 1958 Xenophonteam
869 1907 1165 1958 depingendam
1194 1907 1294 1945 nihil
1323 1911 1453 1957 potest
1480 1907 1637 1954 valere,
1670 1907 1843 1956 reliquos
1870 1911 2016 1957 tamen,
2050 1907 2118 1957 qui
2145 1906 2187 1946 in
2216 1907 2454 1947 editionibus

343 1971 627 2011 recentioribus
660 1969 843 2018 eduntur,
885 1970 1006 2009 libros
1034 1969 1088 2009 ad
1125 1970 1454 2021 disceptationem
1483 1969 1640 2009 admisi.
1699 1971 1800 2009 Tum
1836 1975 1970 2010 notum
1999 1975 2060 2010 est
2095 1970 2175 2009 iam
2204 1983 2230 2010 a
2256 1971 2456 2011 veteribus

344 2033 621 2085 Xenophontis
658 2034 780 2072 libros
808 2033 860 2072 ad
889 2045 1003 2072 usum
1033 2033 1257 2072 scholarum
1298 2033 1496 2072 adhibitos
1533 2044 1644 2081 esse,
1687 2045 1763 2082 quo
1792 2034 1936 2073 factum
1966 2038 2044 2082 est,
2085 2038 2128 2073 ut
2160 2033 2302 2073 iterum
2338 2039 2455 2085 atque

344 2097 486 2136 iterum
526 2096 694 2136 lectitati
731 2100 849 2145 atque
886 2095 1076 2147 descripti
1113 2096 1286 2147 pessime
1324 2097 1645 2147 depravarentur.
1702 2096 1880 2147 Denique
1919 2110 2006 2136 cum
2044 2097 2329 2148 posterioribus
2356 2103 2457 2138 tem-

345 2160 506 2211 poribus
544 2159 718 2199 studium
756 2159 909 2210 priscae
947 2159 1135 2198 orationis
1171 2159 1445 2209 revivisceret,
1488 2159 1731 2199 scenicorum
1767 2164 1885 2209 atque
1914 2159 2160 2211 Thucydidis
2198 2161 2453 2201 elocutionem

344 2224 547 2262 imitantes
594 2222 786 2261 librarioli
828 2222 1060 2272 antiquioris
1101 2223 1264 2272 linguae
1304 2223 1565 2273 proprietates
1606 2222 1646 2260 in
1687 2223 1988 2274 Xenophontem
2033 2223 2253 2262 intulerunt
2294 2224 2457 2274 eiusque

345 2286 562 2325 orationem
601 2290 640 2324 et
675 2285 836 2335 linguae
872 2285 1088 2324 communis
1124 2290 1163 2324 et
1199 2286 1419 2325 Homericis
1455 2285 1590 2324 formis
1627 2286 1731 2325 male
1768 2286 2084 2335 maculaverunt,
2127 2291 2171 2326 ut
2206 2292 2340 2326 nostra
2373 2300 2458 2327 me-

345 2349 470 2388 moria
506 2349 649 2387 librum
688 2348 1022 2399 Xenophonteum
1060 2349 1357 2388 absurdissimis
1396 2349 1766 2399 interpolationibus
1801 2355 1920 2399 atque
1955 2350 2063 2389 vitiis
2098 2362 2177 2389 non
2210 2349 2456 2399 inquinatum

345 2413 413 2451 vix
441 2412 638 2451 invenias.
687 2412 827 2462 Itaque
858 2416 971 2451 caute
1000 2411 1050 2451 de
1079 2411 1356 2463 Xenophontis
1385 2412 1604 2451 elocutione
1632 2412 1821 2452 iudicium
1850 2412 1952 2452 ferre
1981 2413 2086 2452 viros
2113 2412 2206 2451 illos
2234 2414 2451 2463 oportebat.

346 2476 476 2514 Prava
503 2475 624 2525 igitur
652 2478 690 2513 et
718 2474 1020 2526 perversissima
1055 2475 1242 2515 librorum
1271 2475 1644 2526 Xenophonteorum
1679 2476 1889 2516 traditione
1918 2476 1986 2516 diu
2024 2475 2217 2528 philologi
2252 2476 2371 2528 plane
2406 2477 2457 2516 ab

348 2540 434 2578 eius
471 2538 600 2578 studio
637 2538 949 2577 deterrebantur.
1008 2539 1134 2585 Quam
1172 2540 1221 2578 ob
1259 2552 1342 2579 rem
1371 2540 1488 2578 aliter
1515 2539 1599 2578 fieri
1627 2552 1704 2578 non
1742 2540 1886 2591 potuit,
1928 2553 2045 2590 quam
2083 2544 2126 2578 ut
2160 2539 2265 2579 male
2294 2540 2343 2579 de
2372 2541 2458 2580 eius

348 2602 570 2641 elocutione
613 2600 832 2641 iudicarent
869 2601 944 2640 viri
981 2600 1086 2641 docti
1122 2602 1303 2652 neglecta
1341 2602 1461 2642 laude
1497 2607 1687 2642 veterum.
1759 2603 1895 2654 Nuper
1931 2603 2070 2643 Cobeti
2106 2607 2146 2642 et
2180 2602 2226 2641 L.
2265 2603 2458 2644 Dindorfii

347 2678 469 2716 opera
508 2664 682 2704 studium
711 2664 985 2716 Xenophontis
1020 2666 1306 2705 exsuscitatum
1344 2671 1417 2705 est.
1477 2666 1648 2712 Quorum
1686 2671 1871 2706 accurata
1906 2672 2023 2715 atque
2061 2665 2214 2705 efficaci
2248 2666 2459 2717 diligentia

348 2729 498 2768 multae
525 2727 850 2778 interpolationes
885 2728 1057 2777 recisae,
1099 2729 1271 2780 plurima
1309 2729 1405 2768 vitia
1443 2728 1652 2768 emendata
1687 2735 1791 2768 sunt.
1849 2730 1933 2768 Iam
1968 2729 2091 2779 igitur
2125 2729 2280 2768 videtur
2315 2743 2459 2781 operae

347 2792 517 2843 pretium
556 2803 646 2830 esse
680 2791 902 2830 accuratius
929 2785 1146 2842 exponere,
1188 2792 1382 2843 quomodo
1415 2792 1635 2831 consentiat
1671 2793 1839 2832 elocutio
1872 2793 2163 2844 Xenophontea
2199 2805 2287 2832 cum
2323 2806 2461 2833 recen-

458 2941 474 2955 *
497 2939 714 2981 Bernhardy,
739 2939 1084 2973 Wissensehaftliche
1107 2940 1238 2983 syntax
1263 2941 1295 2973 d.
1321 2940 1450 2982 grieeh.
1477 2939 1553 2982 Spr.
1591 2941 1706 2974 Berlin
1736 2942 1824 2974 1829.
1856 2952 1890 2984 p.
1917 2943 1969 2973 25.

436 2993 474 3009 *³
498 2992 605 3024 Moriz
621 2991 787 3029 Schmidt,
814 2992 976 3024 Memoire
991 2993 1088 3024 eines
1104 2992 1310 3033 Oligarchen
1327 2994 1362 3025 in
1379 2993 1499 3026 Athen
1523 2995 1607 3026 iiber
1631 2995 1688 3026 die
1703 2994 1993 3027 Staatsmaximen
2014 2996 2078 3027 des
2093 2995 2231 3027 Demos.
2264 2995 2346 3028 Iena
2364 2996 2457 3027 1876.
