<?xml version="1.0" encoding="UTF-8"?>
<!DOCTYPE html PUBLIC "-//W3C//DTD XHTML 1.0 Transitional//EN"
    "http://www.w3.org/TR/xhtml1/DTD/xhtml1-transitional.dtd">
<html xmlns="http://www.w3.org/1999/xhtml" xml:lang="en" lang="en">
 <head>
  <title>
</title>
<meta http-equiv="Content-Type" content="text/html;charset=utf-8" />
  <meta name='ocr-system' content='tesseract 3.04.00' />
  <meta name='ocr-capabilities' content='ocr_page ocr_carea ocr_par ocr_line ocrx_word'/>
</head>
<body>
  <div class='ocr_page' id='page_1' title='image "4768890_0024.png"; bbox 0 0 2769 3518; ppageno 0'>
   <div class='ocr_carea' id='block_1_1' title="bbox 0 3336 734 3518">
    <p class='ocr_par' dir='ltr' id='par_1_1' title="bbox 0 3336 734 3518">
     <span class='ocr_line' id='line_1_1' title="bbox 0 3336 734 3518; baseline 0 0"><span class='ocrx_word' id='word_1_1' title='bbox 0 3336 734 3518; x_wconf 95' lang='lat' dir='ltr'><strong> </strong></span> 
     </span>
    </p>
   </div>
   <div class='ocr_carea' id='block_1_2' title="bbox 1466 191 1514 230">
    <p class='ocr_par' dir='ltr' id='par_1_2' title="bbox 1466 191 1514 230">
     <span class='ocr_line' id='line_1_2' title="bbox 1466 191 1514 230; baseline 0.042 -2"><span class='ocrx_word' id='word_1_2' title='bbox 1466 191 1514 230; x_wconf 82' lang='lat'><strong>16</strong></span> 
     </span>
    </p>
   </div>
   <div class='ocr_carea' id='block_1_3' title="bbox 813 226 958 360">
    <p class='ocr_par' dir='ltr' id='par_1_3' title="bbox 813 226 958 360">
     <span class='ocr_line' id='line_1_3' title="bbox 813 226 958 360; baseline 0 -97"><span class='ocrx_word' id='word_1_3' title='bbox 813 226 958 360; x_wconf 95' lang='lat' dir='ltr'><strong>  </strong></span> 
     </span>
    </p>
   </div>
   <div class='ocr_carea' id='block_1_4' title="bbox 401 295 2542 1753">
    <p class='ocr_par' dir='ltr' id='par_1_4' title="bbox 401 295 2542 1118">
     <span class='ocr_line' id='line_1_4' title="bbox 433 295 2539 367; baseline 0.001 -23"><span class='ocrx_word' id='word_1_4' title='bbox 433 305 663 367; x_wconf 68' lang='lat' dir='ltr'><strong>plerumque</strong></span> <span class='ocrx_word' id='word_1_5' title='bbox 692 316 741 344; x_wconf 78' lang='lat' dir='ltr'><strong>ex</strong></span> <span class='ocrx_word' id='word_1_6' title='bbox 893 300 1068 359; x_wconf 55' lang='grc' dir='ltr'><strong>1ρύτςνξ»</strong></span> <span class='ocrx_word' id='word_1_7' title='bbox 1099 304 1239 355; x_wconf 81' lang='lat' dir='ltr'>Neque</span> <span class='ocrx_word' id='word_1_8' title='bbox 1267 295 1509 352; x_wconf 48' lang='lat' dir='ltr'><strong>&amp;utram-m</strong></span> <span class='ocrx_word' id='word_1_9' title='bbox 1533 307 1690 364; x_wconf 60' lang='lat' dir='ltr'><strong>tugiunt</strong></span> <span class='ocrx_word' id='word_1_10' title='bbox 1718 310 1891 355; x_wconf 81' lang='lat' dir='ltr'><strong>veteres,</strong></span> <span class='ocrx_word' id='word_1_11' title='bbox 1933 311 1976 346; x_wconf 87' lang='lat' dir='ltr'><strong>ut</strong></span> <span class='ocrx_word' id='word_1_12' title='bbox 2003 306 2197 347; x_wconf 80' lang='lat' dir='ltr'><strong>vocabula</strong></span> <span class='ocrx_word' id='word_1_13' title='bbox 2234 306 2347 347; x_wconf 64' lang='lat' dir='ltr'><strong>iuxta</strong></span> <span class='ocrx_word' id='word_1_14' title='bbox 2378 302 2539 360; x_wconf 77' lang='lat' dir='ltr'><strong>ponant,</strong></span> 
     </span>
     <span class='ocr_line' id='line_1_5' title="bbox 401 349 2537 421; baseline 0.002 -15"><span class='ocrx_word' id='word_1_15' title='bbox 401 393 407 398; x_wconf 90' lang='lat'><em>-</em></span> <span class='ocrx_word' id='word_1_16' title='bbox 433 375 536 418; x_wconf 87' lang='lat' dir='ltr'><strong>quae</strong></span> <span class='ocrx_word' id='word_1_17' title='bbox 557 359 745 407; x_wconf 71' lang='lat' dir='ltr'><strong>&#39;crebris</strong></span> <span class='ocrx_word' id='word_1_18' title='bbox 740 349 827 418; x_wconf 83' lang='lat' dir='ltr'><strong>asp</strong></span> <span class='ocrx_word' id='word_1_19' title='bbox 842 354 973 407; x_wconf 72' lang='lat' dir='ltr'><strong>rarum</strong></span> <span class='ocrx_word' id='word_1_20' title='bbox 1002 363 1301 408; x_wconf 79' lang='lat' dir='ltr'><strong>consonantium</strong></span> <span class='ocrx_word' id='word_1_21' title='bbox 1313 361 1647 409; x_wconf 78' lang='lat' dir='ltr'><strong>concursionibus</strong></span> <span class='ocrx_word' id='word_1_22' title='bbox 1666 369 1786 409; x_wconf 83' lang='lat' dir='ltr'><strong>facile</strong></span> <span class='ocrx_word' id='word_1_23' title='bbox 1806 369 1958 421; x_wconf 79' lang='lat' dir='ltr'><strong>concipi</strong></span> <span class='ocrx_word' id='word_1_24' title='bbox 1976 382 2053 409; x_wconf 92' lang='lat' dir='ltr'><strong>non</strong></span> <span class='ocrx_word' id='word_1_25' title='bbox 2082 375 2247 421; x_wconf 78' lang='lat' dir='ltr'><strong>possunt</strong></span> <span class='ocrx_word' id='word_1_26' title='bbox 2264 378 2332 411; x_wconf 88' lang='lat' dir='ltr'><strong>ore&#39;</strong></span> <span class='ocrx_word' id='word_1_27' title='bbox 2351 370 2537 410; x_wconf 79' lang='lat' dir='ltr'><strong>humano.</strong></span> 
     </span>
     <span class='ocr_line' id='line_1_6' title="bbox 434 424 2538 484; baseline 0.001 -12"><span class='ocrx_word' id='word_1_28' title='bbox 434 431 548 479; x_wconf 83' lang='lat' dir='ltr'><strong>Quae</strong></span> <span class='ocrx_word' id='word_1_29' title='bbox 577 431 662 471; x_wconf 90' lang='lat' dir='ltr'><strong>soni</strong></span> <span class='ocrx_word' id='word_1_30' title='bbox 690 430 885 482; x_wconf 83' lang='lat' dir='ltr'><strong>asperitas</strong></span> <span class='ocrx_word' id='word_1_31' title='bbox 913 431 1151 472; x_wconf 80' lang='lat' dir='ltr'><strong>elocutionis</strong></span> <span class='ocrx_word' id='word_1_32' title='bbox 1188 433 1424 484; x_wconf 90' lang='lat' dir='ltr'><strong>gravitatem</strong></span> <span class='ocrx_word' id='word_1_33' title='bbox 1453 437 1587 484; x_wconf 91' lang='lat' dir='ltr'><strong>auget.</strong></span> <span class='ocrx_word' id='word_1_34' title='bbox 1646 433 1760 473; x_wconf 90' lang='lat' dir='ltr'><strong>Hanc</strong></span> <span class='ocrx_word' id='word_1_35' title='bbox 1787 433 2035 484; x_wconf 83' lang='lat' dir='ltr'><strong>Thucydidis</strong></span> <span class='ocrx_word' id='word_1_36' title='bbox 2066 424 2392 476; x_wconf 85' lang='lat' dir='ltr'><strong>consuetudinem</strong></span> <span class='ocrx_word' id='word_1_37' title='bbox 2419 427 2538 475; x_wconf 86' lang='lat' dir='ltr'><strong>Dion.</strong></span> 
     </span>
     <span class='ocr_line' id='line_1_7' title="bbox 431 494 2542 550; baseline 0.001 -15"><span class='ocrx_word' id='word_1_38' title='bbox 431 496 523 536; x_wconf 90' lang='lat' dir='ltr'><strong>Hal.</strong></span> <span class='ocrx_word' id='word_1_39' title='bbox 555 495 749 546; x_wconf 84' lang='lat' dir='ltr'><strong>exemplis</strong></span> <span class='ocrx_word' id='word_1_40' title='bbox 787 507 837 534; x_wconf 84' lang='lat' dir='ltr'><strong>ex</strong></span> <span class='ocrx_word' id='word_1_41' title='bbox 865 494 978 534; x_wconf 92' lang='lat' dir='ltr'><strong>initio</strong></span> <span class='ocrx_word' id='word_1_42' title='bbox 1013 496 1104 536; x_wconf 82' lang='lat' dir='ltr'><strong>libri</strong></span> <span class='ocrx_word' id='word_1_43' title='bbox 1134 497 1249 547; x_wconf 90' lang='lat' dir='ltr'><strong>primi</strong></span> <span class='ocrx_word' id='word_1_44' title='bbox 1277 498 1409 548; x_wconf 88' lang='lat' dir='ltr'><strong>petitis</strong></span> <span class='ocrx_word' id='word_1_45' title='bbox 1450 497 1608 549; x_wconf 90' lang='lat' dir='ltr'><strong>probat:</strong></span> <span class='ocrx_word' id='word_1_46' title='bbox 1665 497 1921 550; x_wconf 79' lang='grc' dir='ltr'><em>Θουκυδίδης</em></span> <span class='ocrx_word' id='word_1_47' title='bbox 1948 494 2174 550; x_wconf 74' lang='grc' dir='ltr'><em>Ἀθηναῖος</em></span> <span class='ocrx_word' id='word_1_48' title='bbox 2202 498 2438 550; x_wconf 76' lang='grc' dir='ltr'><strong><em>ξυνέγραψε</em></strong></span> <span class='ocrx_word' id='word_1_49' title='bbox 2468 495 2542 538; x_wconf 81' lang='grc' dir='ltr'><strong>τὸν</strong></span> 
     </span>
     <span class='ocr_line' id='line_1_8' title="bbox 432 557 2539 614; baseline 0.002 -18"><span class='ocrx_word' id='word_1_50' title='bbox 432 557 619 608; x_wconf 81' lang='grc' dir='ltr'><em>πόλεμον</em></span> <span class='ocrx_word' id='word_1_51' title='bbox 653 561 734 597; x_wconf 76' lang='grc' dir='ltr'><strong>τῶν</strong></span> <span class='ocrx_word' id='word_1_52' title='bbox 762 558 1122 611; x_wconf 80' lang='grc' dir='ltr'><em>Πελοποννησίων</em></span> <span class='ocrx_word' id='word_1_53' title='bbox 1151 561 1221 598; x_wconf 82' lang='grc' dir='ltr'><strong>καὶ</strong></span> <span class='ocrx_word' id='word_1_54' title='bbox 1249 558 1499 614; x_wconf 71' lang='grc' dir='ltr'><em>Ἀθηναίων,</em></span> <span class='ocrx_word' id='word_1_55' title='bbox 1539 560 1606 600; x_wconf 90' lang='lat' dir='ltr'><strong>ubi</strong></span> <span class='ocrx_word' id='word_1_56' title='bbox 1635 575 1660 600; x_wconf 92' lang='grc' dir='ltr'><em>ν</em></span> <span class='ocrx_word' id='word_1_57' title='bbox 1678 583 1731 589; x_wconf 91' lang='lat'>—</span> <span class='ocrx_word' id='word_1_58' title='bbox 1750 561 1784 610; x_wconf 81' lang='grc' dir='ltr'><strong>ξ,</strong></span> <span class='ocrx_word' id='word_1_59' title='bbox 1818 576 1842 600; x_wconf 88' lang='grc' dir='ltr'><em>ν</em></span> <span class='ocrx_word' id='word_1_60' title='bbox 1860 584 1913 589; x_wconf 93' lang='lat'><strong>——-</strong></span> <span class='ocrx_word' id='word_1_61' title='bbox 1934 575 1977 607; x_wconf 67' lang='lat' dir='ltr'><strong>rt,</strong></span> <span class='ocrx_word' id='word_1_62' title='bbox 2019 576 2042 599; x_wconf 90' lang='grc' dir='ltr'><em>ν</em></span> <span class='ocrx_word' id='word_1_63' title='bbox 2061 584 2112 589; x_wconf 91' lang='grc'>-</span> <span class='ocrx_word' id='word_1_64' title='bbox 2132 574 2167 609; x_wconf 83' lang='grc' dir='ltr'><strong>τ,</strong></span> <span class='ocrx_word' id='word_1_65' title='bbox 2209 575 2233 600; x_wconf 91' lang='grc' dir='ltr'><em>ν</em></span> <span class='ocrx_word' id='word_1_66' title='bbox 2251 584 2303 589; x_wconf 88' lang='lat'><strong>—-</strong></span> <span class='ocrx_word' id='word_1_67' title='bbox 2323 574 2369 610; x_wconf 83' lang='grc' dir='ltr'><strong>π,</strong></span> <span class='ocrx_word' id='word_1_68' title='bbox 2401 576 2426 601; x_wconf 88' lang='grc' dir='ltr'><em>ν</em></span> <span class='ocrx_word' id='word_1_69' title='bbox 2445 584 2496 590; x_wconf 97' lang='grc'><strong>-</strong></span> <span class='ocrx_word' id='word_1_70' title='bbox 2516 576 2539 600; x_wconf 83' lang='grc' dir='ltr'><strong>κ</strong></span> 
     </span>
     <span class='ocr_line' id='line_1_9' title="bbox 432 621 2542 677; baseline 0.001 -16"><span class='ocrx_word' id='word_1_71' title='bbox 432 627 665 662; x_wconf 83' lang='lat' dir='ltr'><strong>concurrunt</strong></span> <span class='ocrx_word' id='word_1_72' title='bbox 693 627 732 661; x_wconf 90' lang='lat' dir='ltr'><strong>et</strong></span> <span class='ocrx_word' id='word_1_73' title='bbox 761 622 894 662; x_wconf 83' lang='lat' dir='ltr'><strong>hiatus</strong></span> <span class='ocrx_word' id='word_1_74' title='bbox 928 628 1037 663; x_wconf 84' lang='lat' dir='ltr'><strong>extat</strong></span> <span class='ocrx_word' id='word_1_75' title='bbox 1071 624 1142 662; x_wconf 83' lang='grc' dir='ltr'><strong>καὶ</strong></span> <span class='ocrx_word' id='word_1_76' title='bbox 1172 621 1424 677; x_wconf 74' lang='grc' dir='ltr'><em>Ἀθηναίων.</em></span> <span class='ocrx_word' id='word_1_77' title='bbox 1484 625 1610 672; x_wconf 85' lang='lat' dir='ltr'><strong>Quam</strong></span> <span class='ocrx_word' id='word_1_78' title='bbox 1646 626 1687 664; x_wconf 89' lang='lat' dir='ltr'><strong>in</strong></span> <span class='ocrx_word' id='word_1_79' title='bbox 1715 625 1883 664; x_wconf 88' lang='lat' dir='ltr'><strong>dicendo</strong></span> <span class='ocrx_word' id='word_1_80' title='bbox 1921 625 2176 676; x_wconf 87' lang='lat' dir='ltr'><strong>asperitatem</strong></span> <span class='ocrx_word' id='word_1_81' title='bbox 2214 625 2442 665; x_wconf 84' lang='lat' dir='ltr'><strong>cautissime</strong></span> <span class='ocrx_word' id='word_1_82' title='bbox 2470 625 2542 665; x_wconf 90' lang='lat' dir='ltr'><strong>de-</strong></span> 
     </span>
     <span class='ocr_line' id='line_1_10' title="bbox 430 686 2538 741; baseline 0.001 -16"><span class='ocrx_word' id='word_1_83' title='bbox 430 686 581 726; x_wconf 85' lang='lat' dir='ltr'><strong>clinant</strong></span> <span class='ocrx_word' id='word_1_84' title='bbox 609 690 804 736; x_wconf 87' lang='lat' dir='ltr'><strong>oratores,</strong></span> <span class='ocrx_word' id='word_1_85' title='bbox 847 686 914 737; x_wconf 90' lang='lat' dir='ltr'><strong>qui</strong></span> <span class='ocrx_word' id='word_1_86' title='bbox 944 687 1051 727; x_wconf 93' lang='lat' dir='ltr'><strong>omni</strong></span> <span class='ocrx_word' id='word_1_87' title='bbox 1080 688 1212 728; x_wconf 86' lang='lat' dir='ltr'><strong>studio</strong></span> <span class='ocrx_word' id='word_1_88' title='bbox 1240 689 1293 729; x_wconf 88' lang='lat' dir='ltr'><strong>ad</strong></span> <span class='ocrx_word' id='word_1_89' title='bbox 1321 688 1552 729; x_wconf 80' lang='lat' dir='ltr'><strong>elocutionis</strong></span> <span class='ocrx_word' id='word_1_90' title='bbox 1590 688 1924 741; x_wconf 88' lang='lat' dir='ltr'><strong>pulchritudinem</strong></span> <span class='ocrx_word' id='word_1_91' title='bbox 1953 694 1992 729; x_wconf 92' lang='lat' dir='ltr'><strong>et</strong></span> <span class='ocrx_word' id='word_1_92' title='bbox 2025 689 2264 739; x_wconf 84' lang='lat' dir='ltr'><strong>elegantiam</strong></span> <span class='ocrx_word' id='word_1_93' title='bbox 2301 688 2538 730; x_wconf 85' lang='lat' dir='ltr'><strong>nitebantur.</strong></span> 
     </span>
     <span class='ocr_line' id='line_1_11' title="bbox 431 750 2536 803; baseline 0.002 -15"><span class='ocrx_word' id='word_1_94' title='bbox 431 750 645 789; x_wconf 89' lang='lat' dir='ltr'><strong>Isocratem</strong></span> <span class='ocrx_word' id='word_1_95' title='bbox 674 750 835 800; x_wconf 88' lang='lat' dir='ltr'><strong>quidem</strong></span> <span class='ocrx_word' id='word_1_96' title='bbox 864 751 984 802; x_wconf 91' lang='lat' dir='ltr'><strong>plane</strong></span> <span class='ocrx_word' id='word_1_97' title='bbox 1013 751 1165 791; x_wconf 86' lang='lat' dir='ltr'><strong>hiatum</strong></span> <span class='ocrx_word' id='word_1_98' title='bbox 1194 752 1345 803; x_wconf 85' lang='lat' dir='ltr'><strong>fugisse</strong></span> <span class='ocrx_word' id='word_1_99' title='bbox 1367 757 1518 792; x_wconf 89' lang='lat' dir='ltr'><strong>constat</strong></span> <span class='ocrx_word' id='word_1_100' title='bbox 1537 766 1586 792; x_wconf 86' lang='lat' dir='ltr'><strong>ex</strong></span> <span class='ocrx_word' id='word_1_101' title='bbox 1606 752 1688 792; x_wconf 87' lang='lat' dir='ltr'><strong>Cic.</strong></span> <span class='ocrx_word' id='word_1_102' title='bbox 1712 757 1811 792; x_wconf 89' lang='lat' dir='ltr'><strong>orat.</strong></span> <span class='ocrx_word' id='word_1_103' title='bbox 1839 756 1912 791; x_wconf 84' lang='lat'><strong>44:</strong></span> <span class='ocrx_word' id='word_1_104' title='bbox 1945 765 2036 792; x_wconf 91' lang='lat' dir='ltr'><strong>nam</strong></span> <span class='ocrx_word' id='word_1_105' title='bbox 2066 758 2108 792; x_wconf 87' lang='lat' dir='ltr'><strong>ut</strong></span> <span class='ocrx_word' id='word_1_106' title='bbox 2126 753 2168 792; x_wconf 91' lang='lat' dir='ltr'><strong>in</strong></span> <span class='ocrx_word' id='word_1_107' title='bbox 2195 752 2367 803; x_wconf 88' lang='lat' dir='ltr'><strong>legendo</strong></span> <span class='ocrx_word' id='word_1_108' title='bbox 2385 753 2536 802; x_wconf 85' lang='lat' dir='ltr'><strong>oculus,</strong></span> 
     </span>
     <span class='ocr_line' id='line_1_12' title="bbox 429 813 2539 866; baseline 0.002 -15"><span class='ocrx_word' id='word_1_109' title='bbox 429 813 485 852; x_wconf 85' lang='lat' dir='ltr'><strong>sic</strong></span> <span class='ocrx_word' id='word_1_110' title='bbox 522 813 679 853; x_wconf 88' lang='lat' dir='ltr'><strong>animus</strong></span> <span class='ocrx_word' id='word_1_111' title='bbox 716 813 757 852; x_wconf 91' lang='lat' dir='ltr'><strong>in</strong></span> <span class='ocrx_word' id='word_1_112' title='bbox 796 813 965 854; x_wconf 88' lang='lat' dir='ltr'><strong>dicendo</strong></span> <span class='ocrx_word' id='word_1_113' title='bbox 1002 816 1237 866; x_wconf 85' lang='lat' dir='ltr'><strong>prospiciet,</strong></span> <span class='ocrx_word' id='word_1_114' title='bbox 1283 816 1378 865; x_wconf 91' lang='lat' dir='ltr'><strong>quid</strong></span> <span class='ocrx_word' id='word_1_115' title='bbox 1419 821 1618 866; x_wconf 89' lang='lat' dir='ltr'><strong>sequatur,</strong></span> <span class='ocrx_word' id='word_1_116' title='bbox 1665 829 1714 855; x_wconf 93' lang='lat' dir='ltr'><strong>ne</strong></span> <span class='ocrx_word' id='word_1_117' title='bbox 1752 821 2015 856; x_wconf 85' lang='lat' dir='ltr'><strong>extremorum</strong></span> <span class='ocrx_word' id='word_1_118' title='bbox 2053 817 2258 855; x_wconf 87' lang='lat' dir='ltr'><strong>verborum</strong></span> <span class='ocrx_word' id='word_1_119' title='bbox 2300 828 2387 855; x_wconf 88' lang='lat' dir='ltr'><strong>eum</strong></span> <span class='ocrx_word' id='word_1_120' title='bbox 2429 816 2539 856; x_wconf 86' lang='lat' dir='ltr'><strong>inse-</strong></span> 
     </span>
     <span class='ocr_line' id='line_1_13' title="bbox 427 876 2539 930; baseline 0.001 -15"><span class='ocrx_word' id='word_1_121' title='bbox 427 876 640 926; x_wconf 89' lang='lat' dir='ltr'><strong>quentibus</strong></span> <span class='ocrx_word' id='word_1_122' title='bbox 669 877 807 927; x_wconf 88' lang='lat' dir='ltr'><strong>primis</strong></span> <span class='ocrx_word' id='word_1_123' title='bbox 837 889 1051 917; x_wconf 89' lang='lat' dir='ltr'><strong>concursus</strong></span> <span class='ocrx_word' id='word_1_124' title='bbox 1080 883 1149 918; x_wconf 90' lang='lat' dir='ltr'><strong>aut</strong></span> <span class='ocrx_word' id='word_1_125' title='bbox 1176 878 1329 918; x_wconf 88' lang='lat' dir='ltr'><strong>hiulcas</strong></span> <span class='ocrx_word' id='word_1_126' title='bbox 1357 892 1474 919; x_wconf 87' lang='lat' dir='ltr'><strong>voces</strong></span> <span class='ocrx_word' id='word_1_127' title='bbox 1503 879 1650 919; x_wconf 88' lang='lat' dir='ltr'><strong>efficiat</strong></span> <span class='ocrx_word' id='word_1_128' title='bbox 1679 883 1748 917; x_wconf 90' lang='lat' dir='ltr'><strong>aut</strong></span> <span class='ocrx_word' id='word_1_129' title='bbox 1784 891 1962 930; x_wconf 86' lang='lat' dir='ltr'><strong>asperas.</strong></span> <span class='ocrx_word' id='word_1_130' title='bbox 2021 879 2154 930; x_wconf 83' lang='lat' dir='ltr'><strong>Pergit</strong></span> <span class='ocrx_word' id='word_1_131' title='bbox 2181 879 2340 919; x_wconf 90' lang='lat' dir='ltr'><strong>deinde:</strong></span> <span class='ocrx_word' id='word_1_132' title='bbox 2393 879 2434 918; x_wconf 94' lang='lat' dir='ltr'><strong>in</strong></span> <span class='ocrx_word' id='word_1_133' title='bbox 2461 891 2539 929; x_wconf 92' lang='lat' dir='ltr'><strong>quo</strong></span> 
     </span>
     <span class='ocr_line' id='line_1_14' title="bbox 427 939 2540 993; baseline 0.002 -17"><span class='ocrx_word' id='word_1_134' title='bbox 427 939 591 989; x_wconf 88' lang='lat' dir='ltr'><strong>quidam</strong></span> <span class='ocrx_word' id='word_1_135' title='bbox 629 939 930 991; x_wconf 89' lang='lat' dir='ltr'><strong>Theopompum</strong></span> <span class='ocrx_word' id='word_1_136' title='bbox 974 942 1095 980; x_wconf 90' lang='lat' dir='ltr'><strong>etiam</strong></span> <span class='ocrx_word' id='word_1_137' title='bbox 1138 943 1451 993; x_wconf 82' lang='lat' dir='ltr'><strong>reprehendunt,</strong></span> <span class='ocrx_word' id='word_1_138' title='bbox 1497 942 1602 992; x_wconf 88' lang='lat' dir='ltr'><strong>quod</strong></span> <span class='ocrx_word' id='word_1_139' title='bbox 1644 954 1713 980; x_wconf 87' lang='lat' dir='ltr'><strong>eas</strong></span> <span class='ocrx_word' id='word_1_140' title='bbox 1756 943 1892 982; x_wconf 81' lang='lat' dir='ltr'><strong>literas</strong></span> <span class='ocrx_word' id='word_1_141' title='bbox 1938 947 2047 982; x_wconf 88' lang='lat' dir='ltr'><strong>tanto</strong></span> <span class='ocrx_word' id='word_1_142' title='bbox 2086 955 2203 993; x_wconf 89' lang='lat' dir='ltr'><strong>opere</strong></span> <span class='ocrx_word' id='word_1_143' title='bbox 2252 943 2417 992; x_wconf 85' lang='lat' dir='ltr'><strong>fugerit,</strong></span> <span class='ocrx_word' id='word_1_144' title='bbox 2464 942 2540 981; x_wconf 88' lang='lat' dir='ltr'><strong>etsi</strong></span> 
     </span>
     <span class='ocr_line' id='line_1_15' title="bbox 427 1002 2541 1057; baseline 0.001 -16"><span class='ocrx_word' id='word_1_145' title='bbox 427 1002 535 1042; x_wconf 87' lang='lat' dir='ltr'><strong>idem</strong></span> <span class='ocrx_word' id='word_1_146' title='bbox 571 1002 761 1053; x_wconf 85' lang='lat' dir='ltr'><strong>magister</strong></span> <span class='ocrx_word' id='word_1_147' title='bbox 803 1003 889 1043; x_wconf 89' lang='lat' dir='ltr'><strong>eius</strong></span> <span class='ocrx_word' id='word_1_148' title='bbox 924 1005 1143 1044; x_wconf 88' lang='lat' dir='ltr'><strong>Isocrates:</strong></span> <span class='ocrx_word' id='word_1_149' title='bbox 1193 1011 1234 1045; x_wconf 89' lang='lat' dir='ltr'><strong>at</strong></span> <span class='ocrx_word' id='word_1_150' title='bbox 1275 1018 1352 1045; x_wconf 91' lang='lat' dir='ltr'><strong>non</strong></span> <span class='ocrx_word' id='word_1_151' title='bbox 1386 1005 1662 1056; x_wconf 74' lang='lat' dir='ltr'><strong>Thucydides,</strong></span> <span class='ocrx_word' id='word_1_152' title='bbox 1709 1017 1758 1044; x_wconf 93' lang='lat' dir='ltr'><strong>ne</strong></span> <span class='ocrx_word' id='word_1_153' title='bbox 1795 1005 1864 1044; x_wconf 92' lang='lat' dir='ltr'><strong>ille</strong></span> <span class='ocrx_word' id='word_1_154' title='bbox 1900 1005 2061 1055; x_wconf 88' lang='lat' dir='ltr'><strong>quidem</strong></span> <span class='ocrx_word' id='word_1_155' title='bbox 2099 1006 2204 1045; x_wconf 90' lang='lat' dir='ltr'><strong>haud</strong></span> <span class='ocrx_word' id='word_1_156' title='bbox 2246 1006 2379 1057; x_wconf 91' lang='lat' dir='ltr'><strong>paullo</strong></span> <span class='ocrx_word' id='word_1_157' title='bbox 2415 1005 2541 1044; x_wconf 85' lang='lat' dir='ltr'><strong>maior</strong></span> 
     </span>
     <span class='ocr_line' id='line_1_16' title="bbox 430 1066 752 1118; baseline 0 -13"><span class='ocrx_word' id='word_1_158' title='bbox 430 1066 596 1118; x_wconf 86' lang='lat' dir='ltr'><strong>scriptor</strong></span> <span class='ocrx_word' id='word_1_159' title='bbox 624 1066 752 1107; x_wconf 87' lang='lat' dir='ltr'><strong>Plato.</strong></span> 
     </span>
    </p>

    <p class='ocr_par' dir='ltr' id='par_1_5' title="bbox 426 1129 2540 1753">
     <span class='ocr_line' id='line_1_17' title="bbox 534 1129 2539 1182; baseline 0.001 -14"><span class='ocrx_word' id='word_1_160' title='bbox 534 1129 695 1169; x_wconf 86' lang='lat' dir='ltr'><strong>Hiatum</strong></span> <span class='ocrx_word' id='word_1_161' title='bbox 726 1130 937 1170; x_wconf 86' lang='lat' dir='ltr'><strong>admittere</strong></span> <span class='ocrx_word' id='word_1_162' title='bbox 957 1131 1262 1182; x_wconf 89' lang='lat' dir='ltr'><strong>Xenophontem</strong></span> <span class='ocrx_word' id='word_1_163' title='bbox 1293 1145 1343 1171; x_wconf 85' lang='lat' dir='ltr'><strong>ex</strong></span> <span class='ocrx_word' id='word_1_164' title='bbox 1371 1133 1552 1171; x_wconf 91' lang='lat' dir='ltr'><strong>omnibus</strong></span> <span class='ocrx_word' id='word_1_165' title='bbox 1581 1133 1666 1171; x_wconf 90' lang='lat' dir='ltr'><strong>eius</strong></span> <span class='ocrx_word' id='word_1_166' title='bbox 1695 1132 1808 1171; x_wconf 90' lang='lat' dir='ltr'><strong>libris</strong></span> <span class='ocrx_word' id='word_1_167' title='bbox 1837 1144 2072 1181; x_wconf 88' lang='lat' dir='ltr'><strong>cognosces;</strong></span> <span class='ocrx_word' id='word_1_168' title='bbox 2105 1132 2233 1171; x_wconf 89' lang='lat' dir='ltr'><strong>Anah.</strong></span> <span class='ocrx_word' id='word_1_169' title='bbox 2266 1133 2284 1170; x_wconf 95' lang='grc' dir='ltr'>Ι</span> <span class='ocrx_word' id='word_1_170' title='bbox 2317 1136 2350 1180; x_wconf 89' lang='lat'><strong>1,</strong></span> <span class='ocrx_word' id='word_1_171' title='bbox 2380 1135 2411 1169; x_wconf 85' lang='lat'><strong>1:</strong></span> <span class='ocrx_word' id='word_1_172' title='bbox 2447 1131 2539 1170; x_wconf 78' lang='grc' dir='ltr'><em>ἐπεὶ</em></span> 
     </span>
     <span class='ocr_line' id='line_1_18' title="bbox 428 1189 2535 1249; baseline 0.001 -17"><span class='ocrx_word' id='word_1_173' title='bbox 428 1189 682 1246; x_wconf 35' lang='grc' dir='ltr'><em>δὲνῆσθένει</em></span> <span class='ocrx_word' id='word_1_174' title='bbox 710 1189 1037 1246; x_wconf 41' lang='grc' dir='ltr'><strong><em>καὶνῦπώπτευε</em></strong></span> <span class='ocrx_word' id='word_1_175' title='bbox 1068 1193 1261 1248; x_wconf 71' lang='grc' dir='ltr'><em>τελευτὴν</em></span> <span class='ocrx_word' id='word_1_176' title='bbox 1289 1201 1362 1235; x_wconf 84' lang='grc' dir='ltr'><strong>τοῦ</strong></span> <span class='ocrx_word' id='word_1_177' title='bbox 1397 1193 1795 1247; x_wconf 36' lang='grc' dir='ltr'><em>βίουυέβούλετόνοὶ</em></span> <span class='ocrx_word' id='word_1_178' title='bbox 1824 1193 1879 1233; x_wconf 85' lang='grc' dir='ltr'><strong>τὼ</strong></span> <span class='ocrx_word' id='word_1_179' title='bbox 1907 1192 2293 1249; x_wconf 38' lang='grc' dir='ltr'><em>παῖδεγᾶμφοτέρω</em></span> <span class='ocrx_word' id='word_1_180' title='bbox 2322 1203 2535 1247; x_wconf 82' lang='grc' dir='ltr'><em>παρεῖναι.</em></span> 
     </span>
     <span class='ocr_line' id='line_1_19' title="bbox 428 1255 2539 1310; baseline 0.001 -13"><span class='ocrx_word' id='word_1_181' title='bbox 428 1258 502 1297; x_wconf 92' lang='lat' dir='ltr'><strong>Hic</strong></span> <span class='ocrx_word' id='word_1_182' title='bbox 530 1258 741 1307; x_wconf 92' lang='lat' dir='ltr'><strong>quinquies</strong></span> <span class='ocrx_word' id='word_1_183' title='bbox 770 1259 903 1298; x_wconf 87' lang='lat' dir='ltr'><strong>hiatus</strong></span> <span class='ocrx_word' id='word_1_184' title='bbox 932 1260 1133 1310; x_wconf 88' lang='lat' dir='ltr'><strong>recipitur,</strong></span> <span class='ocrx_word' id='word_1_185' title='bbox 1174 1260 1235 1299; x_wconf 91' lang='lat' dir='ltr'><strong>bis</strong></span> <span class='ocrx_word' id='word_1_186' title='bbox 1272 1261 1383 1299; x_wconf 91' lang='lat' dir='ltr'><strong>initio</strong></span> <span class='ocrx_word' id='word_1_187' title='bbox 1412 1260 1503 1300; x_wconf 92' lang='lat' dir='ltr'><strong>Oec.</strong></span> <span class='ocrx_word' id='word_1_188' title='bbox 1543 1257 1733 1299; x_wconf 77' lang='grc' dir='ltr'><em>’Ἡκουσα</em></span> <span class='ocrx_word' id='word_1_189' title='bbox 1771 1260 1815 1298; x_wconf 83' lang='grc' dir='ltr'><strong>δέ</strong></span> <span class='ocrx_word' id='word_1_190' title='bbox 1851 1255 2118 1310; x_wconf 33' lang='grc' dir='ltr'><em>ποτεῠαύτοῦ</em></span> <span class='ocrx_word' id='word_1_191' title='bbox 2146 1260 2216 1298; x_wconf 82' lang='grc' dir='ltr'><strong>καὶ</strong></span> <span class='ocrx_word' id='word_1_192' title='bbox 2244 1259 2539 1310; x_wconf 29' lang='grc' dir='ltr'><em>περὶθοίκονο-</em></span> 
     </span>
     <span class='ocr_line' id='line_1_20' title="bbox 428 1319 2540 1377; baseline 0.001 -15"><span class='ocrx_word' id='word_1_193' title='bbox 428 1325 528 1372; x_wconf 83' lang='grc' dir='ltr'><strong><em>μίας</em></strong></span> <span class='ocrx_word' id='word_1_194' title='bbox 557 1320 697 1363; x_wconf 83' lang='grc' dir='ltr'><em>τοιάδε</em></span> <span class='ocrx_word' id='word_1_195' title='bbox 727 1322 1036 1374; x_wconf 82' lang='grc' dir='ltr'><em>διαλεγομένου.</em></span> <span class='ocrx_word' id='word_1_196' title='bbox 1097 1323 1178 1364; x_wconf 86' lang='lat' dir='ltr'><strong>Ofr.</strong></span> <span class='ocrx_word' id='word_1_197' title='bbox 1210 1324 1316 1364; x_wconf 85' lang='lat' dir='ltr'><strong>Hell.</strong></span> <span class='ocrx_word' id='word_1_198' title='bbox 1347 1325 1366 1364; x_wconf 96' lang='lat' dir='ltr'>I</span> <span class='ocrx_word' id='word_1_199' title='bbox 1399 1327 1432 1374; x_wconf 91' lang='lat'><strong>1,</strong></span> <span class='ocrx_word' id='word_1_200' title='bbox 1458 1327 1481 1363; x_wconf 86' lang='lat'><strong>2</strong></span> <span class='ocrx_word' id='word_1_201' title='bbox 1512 1323 1550 1364; x_wconf 79' lang='grc' dir='ltr'><strong>οἱ</strong></span> <span class='ocrx_word' id='word_1_202' title='bbox 1579 1319 2020 1377; x_wconf 27' lang='grc' dir='ltr'><em>δὲρνηγάγοντοῖἒπ)</em></span> <span class='ocrx_word' id='word_1_203' title='bbox 2053 1319 2193 1364; x_wconf 77' lang='grc' dir='ltr'><em>αὐτόν.</em></span> <span class='ocrx_word' id='word_1_204' title='bbox 2253 1324 2391 1376; x_wconf 88' lang='lat' dir='ltr'><strong>Neque</strong></span> <span class='ocrx_word' id='word_1_205' title='bbox 2418 1327 2540 1377; x_wconf 81' lang='grc' dir='ltr'>μέχρι</span> 
     </span>
     <span class='ocr_line' id='line_1_21' title="bbox 429 1384 2540 1440; baseline 0.001 -15"><span class='ocrx_word' id='word_1_206' title='bbox 429 1391 522 1425; x_wconf 87' lang='lat' dir='ltr'><strong>ante</strong></span> <span class='ocrx_word' id='word_1_207' title='bbox 550 1387 728 1426; x_wconf 87' lang='lat' dir='ltr'><strong>vocalem</strong></span> <span class='ocrx_word' id='word_1_208' title='bbox 758 1387 1011 1439; x_wconf 89' lang='lat' dir='ltr'><strong>Xenophonti</strong></span> <span class='ocrx_word' id='word_1_209' title='bbox 1048 1387 1286 1427; x_wconf 92' lang='lat' dir='ltr'><strong>demendum</strong></span> <span class='ocrx_word' id='word_1_210' title='bbox 1317 1392 1378 1427; x_wconf 86' lang='lat' dir='ltr'><strong>est</strong></span> <span class='ocrx_word' id='word_1_211' title='bbox 1405 1399 1533 1439; x_wconf 89' lang='lat' dir='ltr'><strong>neque</strong></span> <span class='ocrx_word' id='word_1_212' title='bbox 1573 1384 1693 1438; x_wconf 73' lang='grc' dir='ltr'><em>οὕτω,</em></span> <span class='ocrx_word' id='word_1_213' title='bbox 1733 1399 1968 1439; x_wconf 89' lang='lat' dir='ltr'><strong>quamquam</strong></span> <span class='ocrx_word' id='word_1_214' title='bbox 2008 1388 2087 1427; x_wconf 89' lang='lat' dir='ltr'><strong>leni</strong></span> <span class='ocrx_word' id='word_1_215' title='bbox 2125 1387 2282 1427; x_wconf 87' lang='lat' dir='ltr'><strong>medela</strong></span> <span class='ocrx_word' id='word_1_216' title='bbox 2317 1390 2464 1440; x_wconf 76' lang='grc' dir='ltr'>μέχρις</span> <span class='ocrx_word' id='word_1_217' title='bbox 2499 1393 2540 1428; x_wconf 88' lang='lat' dir='ltr'><strong>et</strong></span> 
     </span>
     <span class='ocr_line' id='line_1_22' title="bbox 430 1446 2535 1503; baseline 0.001 -16"><span class='ocrx_word' id='word_1_218' title='bbox 430 1446 561 1494; x_wconf 71' lang='grc' dir='ltr'><em>οὕτως</em></span> <span class='ocrx_word' id='word_1_219' title='bbox 590 1450 732 1499; x_wconf 86' lang='lat' dir='ltr'><strong>corrigi</strong></span> <span class='ocrx_word' id='word_1_220' title='bbox 759 1453 928 1500; x_wconf 66' lang='lat' dir='ltr'><strong>potest*</strong></span> <span class='ocrx_word' id='word_1_221' title='bbox 969 1451 1100 1501; x_wconf 81' lang='lat' dir='ltr'><strong>Saepe</strong></span> <span class='ocrx_word' id='word_1_222' title='bbox 1128 1452 1247 1490; x_wconf 88' lang='lat' dir='ltr'><strong>etiam</strong></span> <span class='ocrx_word' id='word_1_223' title='bbox 1277 1452 1318 1489; x_wconf 93' lang='lat' dir='ltr'><strong>in</strong></span> <span class='ocrx_word' id='word_1_224' title='bbox 1338 1452 1424 1490; x_wconf 91' lang='lat' dir='ltr'><strong>eius</strong></span> <span class='ocrx_word' id='word_1_225' title='bbox 1453 1452 1565 1490; x_wconf 89' lang='lat' dir='ltr'><strong>libris</strong></span> <span class='ocrx_word' id='word_1_226' title='bbox 1594 1452 1697 1490; x_wconf 91' lang='lat' dir='ltr'><strong>male</strong></span> <span class='ocrx_word' id='word_1_227' title='bbox 1718 1452 1831 1490; x_wconf 89' lang='lat' dir='ltr'><strong>deest</strong></span> <span class='ocrx_word' id='word_1_228' title='bbox 1851 1455 1878 1490; x_wconf 67' lang='lat'><strong>17</strong></span> <span class='ocrx_word' id='word_1_229' title='bbox 1901 1449 2199 1503; x_wconf 79' lang='grc' dir='ltr'><strong>ἐφελκυστικόν</strong></span> <span class='ocrx_word' id='word_1_230' title='bbox 2225 1457 2318 1490; x_wconf 89' lang='lat' dir='ltr'><strong>ante</strong></span> <span class='ocrx_word' id='word_1_231' title='bbox 2343 1452 2535 1501; x_wconf 89' lang='lat' dir='ltr'><strong>vocalem,</strong></span> 
     </span>
     <span class='ocr_line' id='line_1_23' title="bbox 430 1512 2538 1563; baseline 0.001 -11"><span class='ocrx_word' id='word_1_232' title='bbox 430 1512 536 1563; x_wconf 84' lang='lat' dir='ltr'><strong>quod</strong></span> <span class='ocrx_word' id='word_1_233' title='bbox 565 1517 627 1552; x_wconf 87' lang='lat' dir='ltr'><strong>est</strong></span> <span class='ocrx_word' id='word_1_234' title='bbox 653 1512 694 1551; x_wconf 93' lang='lat' dir='ltr'><strong>in</strong></span> <span class='ocrx_word' id='word_1_235' title='bbox 723 1513 897 1563; x_wconf 86' lang='lat' dir='ltr'><strong>vulgatis</strong></span> <span class='ocrx_word' id='word_1_236' title='bbox 925 1514 1179 1563; x_wconf 85' lang='lat' dir='ltr'><strong>editionibus,</strong></span> <span class='ocrx_word' id='word_1_237' title='bbox 1213 1520 1252 1553; x_wconf 92' lang='lat' dir='ltr'><strong>et</strong></span> <span class='ocrx_word' id='word_1_238' title='bbox 1280 1518 1425 1554; x_wconf 89' lang='lat' dir='ltr'><strong>temere</strong></span> <span class='ocrx_word' id='word_1_239' title='bbox 1447 1514 1607 1554; x_wconf 90' lang='lat' dir='ltr'><strong>additur</strong></span> <span class='ocrx_word' id='word_1_240' title='bbox 1634 1520 1726 1554; x_wconf 89' lang='lat' dir='ltr'><strong>ante</strong></span> <span class='ocrx_word' id='word_1_241' title='bbox 1754 1516 2097 1555; x_wconf 76' lang='lat' dir='ltr'><strong>consonantem.**</strong></span> <span class='ocrx_word' id='word_1_242' title='bbox 2143 1515 2226 1554; x_wconf 89' lang='lat' dir='ltr'><strong>Hoc</strong></span> <span class='ocrx_word' id='word_1_243' title='bbox 2254 1520 2388 1555; x_wconf 87' lang='lat' dir='ltr'><strong>tamen</strong></span> <span class='ocrx_word' id='word_1_244' title='bbox 2415 1515 2538 1555; x_wconf 89' lang='lat' dir='ltr'><strong>inter—</strong></span> 
     </span>
     <span class='ocr_line' id='line_1_24' title="bbox 428 1576 2538 1629; baseline 0.001 -14"><span class='ocrx_word' id='word_1_245' title='bbox 428 1580 489 1616; x_wconf 91' lang='lat' dir='ltr'><strong>est</strong></span> <span class='ocrx_word' id='word_1_246' title='bbox 524 1576 627 1616; x_wconf 90' lang='lat' dir='ltr'><strong>inter</strong></span> <span class='ocrx_word' id='word_1_247' title='bbox 663 1580 817 1616; x_wconf 89' lang='lat' dir='ltr'><strong>veteres</strong></span> <span class='ocrx_word' id='word_1_248' title='bbox 853 1580 972 1627; x_wconf 88' lang='lat' dir='ltr'><strong>atque</strong></span> <span class='ocrx_word' id='word_1_249' title='bbox 1000 1576 1305 1629; x_wconf 88' lang='lat' dir='ltr'><strong>Xenophontem</strong></span> <span class='ocrx_word' id='word_1_250' title='bbox 1344 1589 1431 1617; x_wconf 90' lang='lat' dir='ltr'><strong>cum</strong></span> <span class='ocrx_word' id='word_1_251' title='bbox 1470 1577 1775 1626; x_wconf 87' lang='lat' dir='ltr'><strong>recentioribus,</strong></span> <span class='ocrx_word' id='word_1_252' title='bbox 1816 1577 1920 1628; x_wconf 93' lang='lat' dir='ltr'><strong>quod</strong></span> <span class='ocrx_word' id='word_1_253' title='bbox 1955 1581 2110 1618; x_wconf 86' lang='lat' dir='ltr'><strong>veteres</strong></span> <span class='ocrx_word' id='word_1_254' title='bbox 2146 1577 2309 1618; x_wconf 91' lang='lat' dir='ltr'><strong>consilio</strong></span> <span class='ocrx_word' id='word_1_255' title='bbox 2346 1577 2538 1618; x_wconf 89' lang='lat' dir='ltr'><strong>sermonis</strong></span> 
     </span>
     <span class='ocr_line' id='line_1_25' title="bbox 427 1640 2538 1690; baseline 0.001 -12"><span class='ocrx_word' id='word_1_256' title='bbox 427 1640 682 1690; x_wconf 83' lang='lat' dir='ltr'><strong>asperitatem</strong></span> <span class='ocrx_word' id='word_1_257' title='bbox 711 1641 895 1689; x_wconf 84' lang='lat' dir='ltr'><strong>neglecta</strong></span> <span class='ocrx_word' id='word_1_258' title='bbox 923 1641 1099 1680; x_wconf 91' lang='lat' dir='ltr'><strong>elidendi</strong></span> <span class='ocrx_word' id='word_1_259' title='bbox 1128 1642 1192 1680; x_wconf 90' lang='lat' dir='ltr'><strong>vel</strong></span> <span class='ocrx_word' id='word_1_260' title='bbox 1221 1642 1324 1681; x_wconf 91' lang='lat' dir='ltr'><strong>alius</strong></span> <span class='ocrx_word' id='word_1_261' title='bbox 1353 1642 1519 1680; x_wconf 88' lang='lat' dir='ltr'><strong>remedii</strong></span> <span class='ocrx_word' id='word_1_262' title='bbox 1547 1643 1754 1681; x_wconf 88' lang='lat' dir='ltr'><strong>occasione</strong></span> <span class='ocrx_word' id='word_1_263' title='bbox 1783 1643 1983 1690; x_wconf 81' lang='lat' dir='ltr'><strong>affectant,</strong></span> <span class='ocrx_word' id='word_1_264' title='bbox 2020 1642 2260 1681; x_wconf 90' lang='lat' dir='ltr'><strong>recentiores</strong></span> <span class='ocrx_word' id='word_1_265' title='bbox 2288 1642 2437 1681; x_wconf 85' lang='lat' dir='ltr'><strong>hiatum</strong></span> <span class='ocrx_word' id='word_1_266' title='bbox 2466 1654 2538 1680; x_wconf 92' lang='lat' dir='ltr'><strong>ne-</strong></span> 
     </span>
     <span class='ocr_line' id='line_1_26' title="bbox 426 1702 1241 1753; baseline 0 -12"><span class='ocrx_word' id='word_1_267' title='bbox 426 1716 502 1753; x_wconf 89' lang='lat' dir='ltr'><strong>que</strong></span> <span class='ocrx_word' id='word_1_268' title='bbox 531 1702 690 1753; x_wconf 84' lang='lat' dir='ltr'><strong>fugiunt</strong></span> <span class='ocrx_word' id='word_1_269' title='bbox 718 1716 846 1753; x_wconf 87' lang='lat' dir='ltr'><strong>neque</strong></span> <span class='ocrx_word' id='word_1_270' title='bbox 875 1703 1021 1743; x_wconf 89' lang='lat' dir='ltr'><strong>iudicio</strong></span> <span class='ocrx_word' id='word_1_271' title='bbox 1042 1704 1241 1750; x_wconf 77' lang='lat' dir='ltr'><strong>efficiunt.</strong></span> 
     </span>
    </p>
   </div>
   <div class='ocr_carea' id='block_1_5' title="bbox 427 1820 2538 2126">
    <p class='ocr_par' dir='ltr' id='par_1_6' title="bbox 427 1820 2538 2126">
     <span class='ocr_line' id='line_1_27' title="bbox 535 1820 2538 1872; baseline 0.001 -13"><span class='ocrx_word' id='word_1_272' title='bbox 535 1820 621 1859; x_wconf 89' lang='lat' dir='ltr'><strong>Hac</strong></span> <span class='ocrx_word' id='word_1_273' title='bbox 649 1820 841 1860; x_wconf 88' lang='lat' dir='ltr'><strong>relatione</strong></span> <span class='ocrx_word' id='word_1_274' title='bbox 870 1820 1037 1872; x_wconf 89' lang='lat' dir='ltr'><strong>primam</strong></span> <span class='ocrx_word' id='word_1_275' title='bbox 1066 1826 1218 1872; x_wconf 89' lang='lat' dir='ltr'><strong>partem</strong></span> <span class='ocrx_word' id='word_1_276' title='bbox 1239 1821 1580 1860; x_wconf 88' lang='lat' dir='ltr'><strong>commentationis</strong></span> <span class='ocrx_word' id='word_1_277' title='bbox 1601 1821 1795 1871; x_wconf 89' lang='lat' dir='ltr'><strong>concludi,</strong></span> <span class='ocrx_word' id='word_1_278' title='bbox 1828 1834 1916 1861; x_wconf 89' lang='lat' dir='ltr'><strong>cum</strong></span> <span class='ocrx_word' id='word_1_279' title='bbox 1935 1821 2101 1861; x_wconf 89' lang='lat' dir='ltr'><strong>alteram</strong></span> <span class='ocrx_word' id='word_1_280' title='bbox 2127 1825 2245 1872; x_wconf 88' lang='lat' dir='ltr'><strong>atque</strong></span> <span class='ocrx_word' id='word_1_281' title='bbox 2273 1822 2431 1862; x_wconf 88' lang='lat' dir='ltr'><strong>tertiam</strong></span> <span class='ocrx_word' id='word_1_282' title='bbox 2459 1822 2538 1862; x_wconf 90' lang='lat' dir='ltr'><strong>alio</strong></span> 
     </span>
     <span class='ocr_line' id='line_1_28' title="bbox 427 1884 2533 1936; baseline 0.002 -15"><span class='ocrx_word' id='word_1_283' title='bbox 427 1888 605 1934; x_wconf 89' lang='lat' dir='ltr'><strong>tempore</strong></span> <span class='ocrx_word' id='word_1_284' title='bbox 642 1887 812 1922; x_wconf 86' lang='lat' dir='ltr'><strong>tractare</strong></span> <span class='ocrx_word' id='word_1_285' title='bbox 849 1884 890 1922; x_wconf 92' lang='lat' dir='ltr'><strong>in</strong></span> <span class='ocrx_word' id='word_1_286' title='bbox 918 1884 1051 1923; x_wconf 89' lang='lat' dir='ltr'><strong>animo</strong></span> <span class='ocrx_word' id='word_1_287' title='bbox 1090 1885 1274 1924; x_wconf 86' lang='lat' dir='ltr'><strong>habeam.</strong></span> <span class='ocrx_word' id='word_1_288' title='bbox 1333 1885 1532 1924; x_wconf 90' lang='lat' dir='ltr'><strong>Nonnulla</strong></span> <span class='ocrx_word' id='word_1_289' title='bbox 1561 1885 1721 1935; x_wconf 89' lang='lat' dir='ltr'><strong>quidem</strong></span> <span class='ocrx_word' id='word_1_290' title='bbox 1749 1897 1885 1924; x_wconf 88' lang='lat' dir='ltr'><strong>earum</strong></span> <span class='ocrx_word' id='word_1_291' title='bbox 1912 1897 2055 1934; x_wconf 90' lang='lat' dir='ltr'><strong>rerum,</strong></span> <span class='ocrx_word' id='word_1_292' title='bbox 2096 1884 2146 1924; x_wconf 91' lang='lat' dir='ltr'><strong>de</strong></span> <span class='ocrx_word' id='word_1_293' title='bbox 2174 1885 2317 1935; x_wconf 86' lang='lat' dir='ltr'><strong>quibus</strong></span> <span class='ocrx_word' id='word_1_294' title='bbox 2352 1886 2533 1936; x_wconf 89' lang='lat' dir='ltr'><strong>disserui,</strong></span> 
     </span>
     <span class='ocr_line' id='line_1_29' title="bbox 428 1947 2531 2000; baseline 0.002 -16"><span class='ocrx_word' id='word_1_295' title='bbox 428 1947 579 1985; x_wconf 90' lang='lat' dir='ltr'><strong>leviora</strong></span> <span class='ocrx_word' id='word_1_296' title='bbox 609 1959 699 1986; x_wconf 90' lang='lat' dir='ltr'><strong>esse</strong></span> <span class='ocrx_word' id='word_1_297' title='bbox 727 1947 937 1986; x_wconf 86' lang='lat' dir='ltr'><strong>videantur</strong></span> <span class='ocrx_word' id='word_1_298' title='bbox 970 1961 1098 1998; x_wconf 90' lang='lat' dir='ltr'><strong>neque</strong></span> <span class='ocrx_word' id='word_1_299' title='bbox 1136 1948 1278 1998; x_wconf 89' lang='lat' dir='ltr'><strong>digna,</strong></span> <span class='ocrx_word' id='word_1_300' title='bbox 1321 1961 1423 1999; x_wconf 89' lang='lat' dir='ltr'><strong>quae</strong></span> <span class='ocrx_word' id='word_1_301' title='bbox 1452 1949 1709 1998; x_wconf 85' lang='lat' dir='ltr'><strong>attingantur,</strong></span> <span class='ocrx_word' id='word_1_302' title='bbox 1752 1949 1824 1987; x_wconf 91' lang='lat' dir='ltr'><strong>sed</strong></span> <span class='ocrx_word' id='word_1_303' title='bbox 1861 1953 1904 1987; x_wconf 89' lang='lat' dir='ltr'><strong>ut</strong></span> <span class='ocrx_word' id='word_1_304' title='bbox 1940 1961 2022 1987; x_wconf 88' lang='lat' dir='ltr'><strong>rem</strong></span> <span class='ocrx_word' id='word_1_305' title='bbox 2059 1948 2254 1999; x_wconf 82' lang='lat' dir='ltr'><strong>integram</strong></span> <span class='ocrx_word' id='word_1_306' title='bbox 2291 1949 2531 2000; x_wconf 87' lang='lat' dir='ltr'><strong>perficerem,</strong></span> 
     </span>
     <span class='ocr_line' id='line_1_30' title="bbox 427 2009 2538 2063; baseline 0.002 -15"><span class='ocrx_word' id='word_1_307' title='bbox 427 2010 500 2049; x_wconf 88' lang='lat' dir='ltr'><strong>illa</strong></span> <span class='ocrx_word' id='word_1_308' title='bbox 537 2009 633 2049; x_wconf 84' lang='lat' dir='ltr'><strong>mihi</strong></span> <span class='ocrx_word' id='word_1_309' title='bbox 661 2023 739 2049; x_wconf 92' lang='lat' dir='ltr'><strong>non</strong></span> <span class='ocrx_word' id='word_1_310' title='bbox 767 2010 1058 2062; x_wconf 90' lang='lat' dir='ltr'><strong>praetereunda</strong></span> <span class='ocrx_word' id='word_1_311' title='bbox 1087 2024 1175 2051; x_wconf 89' lang='lat' dir='ltr'><strong>esse</strong></span> <span class='ocrx_word' id='word_1_312' title='bbox 1204 2011 1443 2051; x_wconf 86' lang='lat' dir='ltr'><strong>existimavi.</strong></span> <span class='ocrx_word' id='word_1_313' title='bbox 1502 2011 1784 2062; x_wconf 77' lang='lat' dir='ltr'><strong>Acquiescam,</strong></span> <span class='ocrx_word' id='word_1_314' title='bbox 1826 2011 1861 2050; x_wconf 91' lang='lat' dir='ltr'><strong>si</strong></span> <span class='ocrx_word' id='word_1_315' title='bbox 1890 2011 1988 2051; x_wconf 87' lang='lat' dir='ltr'><strong>forte</strong></span> <span class='ocrx_word' id='word_1_316' title='bbox 2017 2011 2223 2063; x_wconf 88' lang='lat' dir='ltr'><strong>paululum</strong></span> <span class='ocrx_word' id='word_1_317' title='bbox 2252 2011 2306 2051; x_wconf 82' lang='lat' dir='ltr'><strong>ad</strong></span> <span class='ocrx_word' id='word_1_318' title='bbox 2332 2012 2538 2052; x_wconf 84' lang='lat' dir='ltr'><strong>illustran—</strong></span> 
     </span>
     <span class='ocr_line' id='line_1_31' title="bbox 428 2073 1363 2126; baseline 0.002 -15"><span class='ocrx_word' id='word_1_319' title='bbox 428 2073 520 2112; x_wconf 90' lang='lat' dir='ltr'><strong>dam</strong></span> <span class='ocrx_word' id='word_1_320' title='bbox 549 2073 762 2113; x_wconf 88' lang='lat' dir='ltr'><strong>dialectum</strong></span> <span class='ocrx_word' id='word_1_321' title='bbox 791 2074 1121 2126; x_wconf 89' lang='lat' dir='ltr'><strong>Xenophonteam</strong></span> <span class='ocrx_word' id='word_1_322' title='bbox 1150 2076 1363 2115; x_wconf 87' lang='lat' dir='ltr'><strong>contulero.</strong></span> 
     </span>
    </p>
   </div>
   <div class='ocr_carea' id='block_1_6' title="bbox 574 2162 674 2164">
    <p class='ocr_par' dir='ltr' id='par_1_7' title="bbox 574 2162 674 2164">
     <span class='ocr_line' id='line_1_32' title="bbox 574 2162 674 2164; baseline 0 0"><span class='ocrx_word' id='word_1_323' title='bbox 574 2162 674 2164; x_wconf 95' lang='lat' dir='ltr'><strong> </strong></span> 
     </span>
    </p>
   </div>
   <div class='ocr_carea' id='block_1_7' title="bbox 512 2211 1277 2307">
    <p class='ocr_par' dir='ltr' id='par_1_8' title="bbox 512 2211 1277 2307">
     <span class='ocr_line' id='line_1_33' title="bbox 534 2211 1277 2251; baseline 0.001 -8"><span class='ocrx_word' id='word_1_324' title='bbox 534 2213 550 2231; x_wconf 76' lang='lat'><strong>³⁸*</strong></span> <span class='ocrx_word' id='word_1_325' title='bbox 573 2211 728 2251; x_wconf 86' lang='lat' dir='ltr'><strong>Voemel,</strong></span> <span class='ocrx_word' id='word_1_326' title='bbox 755 2212 807 2244; x_wconf 94' lang='lat' dir='ltr'><strong>De</strong></span> <span class='ocrx_word' id='word_1_327' title='bbox 832 2223 852 2241; x_wconf 86' lang='grc' dir='ltr'><em>ν</em></span> <span class='ocrx_word' id='word_1_328' title='bbox 875 2215 910 2244; x_wconf 83' lang='lat' dir='ltr'><strong>et</strong></span> <span class='ocrx_word' id='word_1_329' title='bbox 932 2223 949 2246; x_wconf 84' lang='grc' dir='ltr'><em>ς</em></span> <span class='ocrx_word' id='word_1_330' title='bbox 972 2212 1135 2245; x_wconf 84' lang='lat' dir='ltr'><strong>adductis</strong></span> <span class='ocrx_word' id='word_1_331' title='bbox 1158 2212 1277 2244; x_wconf 85' lang='lat' dir='ltr'><strong>literis.</strong></span> 
     </span>
     <span class='ocr_line' id='line_1_34' title="bbox 512 2265 1087 2307; baseline 0.002 -9"><span class='ocrx_word' id='word_1_332' title='bbox 512 2266 551 2284; x_wconf 73' lang='lat'><strong>¹¹*</strong></span> <span class='ocrx_word' id='word_1_333' title='bbox 576 2265 803 2305; x_wconf 80' lang='lat' dir='ltr'><strong>Bornemann,</strong></span> <span class='ocrx_word' id='word_1_334' title='bbox 829 2266 937 2299; x_wconf 85' lang='lat' dir='ltr'><strong>Conv.</strong></span> <span class='ocrx_word' id='word_1_335' title='bbox 964 2276 998 2307; x_wconf 89' lang='lat' dir='ltr'><strong>p.</strong></span> <span class='ocrx_word' id='word_1_336' title='bbox 1015 2267 1087 2299; x_wconf 78' lang='grc'><strong>234.</strong></span> 
     </span>
    </p>
   </div>
   <div class='ocr_carea' id='block_1_8' title="bbox 2510 0 2769 216">
    <p class='ocr_par' dir='ltr' id='par_1_9' title="bbox 2510 0 2769 216">
     <span class='ocr_line' id='line_1_35' title="bbox 2510 0 2769 216; baseline 0 3302"><span class='ocrx_word' id='word_1_337' title='bbox 2510 0 2769 216; x_wconf 95' lang='lat' dir='ltr'><strong> </strong></span> 
     </span>
    </p>
   </div>
   <div class='ocr_carea' id='block_1_9' title="bbox 2727 1739 2769 2176">
    <p class='ocr_par' dir='ltr' id='par_1_10' title="bbox 2727 1739 2769 2176">
     <span class='ocr_line' id='line_1_36' title="bbox 2727 1994 2734 1999; textangle 90"><span class='ocrx_word' id='word_1_338' title='bbox 2727 1994 2734 1999; x_wconf 73' lang='lat' dir='ltr'>v</span> 
     </span>
     <span class='ocr_line' id='line_1_37' title="bbox 2754 1739 2769 2176; textangle 90"><span class='ocrx_word' id='word_1_339' title='bbox 2759 2109 2769 2176; x_wconf 48' lang='lat' dir='ltr'><strong>‘im-nn„</strong></span> <span class='ocrx_word' id='word_1_340' title='bbox 2754 1919 2769 2089; x_wconf 56' lang='lat' dir='ltr'><strong>&#39;&lt;.4&#39;c1.}“-a&#39;1.&#39;li·1‹.:</strong></span> <span class='ocrx_word' id='word_1_341' title='bbox 2757 1861 2769 1902; x_wconf 55' lang='lat'><strong>84¹1.</strong></span> <span class='ocrx_word' id='word_1_342' title='bbox 2757 1739 2769 1837; x_wconf 56' lang='lat'><strong>.=.¹„:=.1‹„2„„</strong></span> 
     </span>
    </p>
   </div>
   <div class='ocr_carea' id='block_1_10' title="bbox 2213 2102 2769 3518">
    <p class='ocr_par' dir='ltr' id='par_1_11' title="bbox 2213 2102 2769 3518">
     <span class='ocr_line' id='line_1_38' title="bbox 2213 2102 2769 3518; baseline 0 1"><span class='ocrx_word' id='word_1_343' title='bbox 2213 2102 2769 3518; x_wconf 95' lang='lat' dir='ltr'><strong> </strong></span> 
     </span>
    </p>
   </div>
  </div>
 </body>
</html>
