2769 3518
1386 167 1409 203 5

351 279 519 332 Sauppii
554 280 727 332 lexilogo
760 280 871 321 facili
905 280 1064 332 negotio
1096 281 1188 333 plus
1221 292 1339 338 quam
1365 285 1543 322 trecenta
1575 280 1772 321 eiusmodi
1808 282 2003 322 vocabula
2038 294 2250 333 congerere
2286 280 2456 332 possis*

351 343 425 384 Vel
452 343 682 386 Homericas
710 344 927 385 locutiones
955 350 995 385 et
1021 343 1182 385 dicendi
1209 343 1375 385 formam
1403 348 1521 396 atque
1559 356 1743 385 numeros
1770 345 1958 386 imitatur.
2018 346 2084 386 Sic
2111 346 2274 399 τάφρος
2303 341 2454 397 ὀρυκτή

350 407 480 447 Anab.
512 408 531 447 I
561 411 598 459 7,
635 411 682 447 14
710 408 869 459 legitur,
912 410 1064 460 πέτραι
1090 403 1282 461 ἠλίβατοι
1307 408 1438 448 Anab.
1469 408 1489 447 Ι
1516 410 1554 456 4,
1588 411 1624 446 4.
1685 408 1783 448 Cum
1811 409 1943 448 verbis
1971 409 2118 461 Cyrop.
2151 409 2170 448 I
2199 411 2236 459 4,
2270 411 2320 447 24
2355 422 2454 458 μαι-

349 469 528 521 νόμενον
555 476 602 524 τῇ
631 470 761 522 τόλμῃ
790 471 1016 523 Stephanus
1044 476 1248 524 comparat
1274 473 1404 512 locum
1432 472 1509 511 Od.
1538 472 1598 510 IX
1627 473 1724 519 3503
1758 472 1829 511 cfr.
1861 472 1909 510 Il.
1941 473 1976 511 V
2007 475 2103 520 185;
2136 473 2232 512 VIII
2260 474 2400 511 3557*

456 535 559 575 Tum
595 535 716 576 etiam
751 534 909 575 dialecti
937 535 1094 576 Ionicae
1123 536 1246 576 multa
1272 535 1381 588 apud
1407 534 1711 588 Xenophontem
1749 539 1842 576 sunt
1875 536 2070 588 exempla.
2130 537 2260 588 Saepe
2288 536 2349 586 fit,
2394 540 2449 586 ut,

351 610 452 649 quae
480 612 530 639 ex
558 603 761 651 poetarum
789 611 864 639 usu
893 599 1115 650 Xenophon
1143 599 1291 651 recepit
1316 599 1530 648 vocabula,
1561 599 1722 639 Ionibus
1750 611 1905 650 quoque
1933 599 2012 639 sint
2038 600 2196 640 usitata.
2250 599 2449 649 Referam,

349 674 451 712 quae
478 663 673 702 vocabula
708 666 749 701 et
781 663 915 702 Ionica
952 667 992 702 et
1026 663 1183 714 poetica
1215 675 1265 702 ex
1292 662 1472 702 Anabasi
1507 663 1550 702 in
1583 663 1714 702 indice
1749 663 1889 702 Latino
1926 663 2217 703 coacervaverit
2251 663 2449 703 Cuehner.

352 720 504 778 ἀγορά,
545 722 756 778 αἰγιαλός,
799 725 953 776 αἴθειν,
999 722 1194 780 ἄκληρος,
1238 722 1473 777 ἂναχάζειν,
1515 722 1853 778 ἆπαμείβεσθαι,
1902 722 2137 779 ἀπερύκειν,
2185 722 2448 776 ἇπονοστεῖν,

348 787 519 841 βλάβος,
561 789 808 842 διαμπερές,
843 789 1022 841 διδέναι,
1056 789 1310 844 δορπηστός,
1344 790 1529 840 δουπεῖν,
1564 788 1856 839 ἐξαλαπάξειν,
1898 789 2070 843 ἐρύκειν,
2108 788 2324 844 ἠλίβατος,
2367 793 2453 829 θα-

348 852 461 904 μινά,
503 852 649 904 λάχος,
686 855 842 905 μολεῖν,
885 850 1141 907 ὁλοίτροχος,
1183 854 1383 904 πολίζειν,
1418 858 1636 905 σίνεσθαι,
1679 857 1874 907 τρεῖν.”“”“’ξ
1928 855 2013 895 Nec
2040 855 2203 895 dubium
2237 867 2326 895 esse
2354 855 2453 894 mihi

346 917 505 968 quidem
540 917 709 968 videtur,
751 930 801 958 ex
827 919 965 958 Ionum
1002 930 1181 959 sermone
1217 918 1312 969 quin
1339 919 1563 971 Xenophon
1597 919 1758 959 nomina
1793 919 1835 959 in
1872 921 1949 972 τῇ
1977 919 2164 959 exeuntia
2200 918 2455 959 admiscuerit

349 982 520 1021 sermoni
548 993 633 1022 suo.
682 982 853 1022 Fallitur
880 982 1101 1022 Heilandus
1129 995 1169 1035 p.
1194 983 1229 1032 6,
1262 982 1331 1033 qui
1357 987 1471 1034 putat
1498 995 1568 1023 cas
1587 983 1740 1023 Atticas
1767 983 1915 1022 formas
1943 994 2046 1034 esse,
2079 983 2230 1023 fallitur
2257 983 2448 1032 Sturzius,

347 1045 415 1095 qui
451 1057 476 1084 a
512 1045 736 1085 Laconibus
770 1057 841 1086 eas
879 1045 1025 1086 formas
1060 1046 1206 1098 petitas
1243 1057 1332 1086 esse
1369 1046 1533 1086 iudicat.
1591 1047 1718 1088 Valde
1754 1047 1918 1099 insuper
1953 1047 2016 1086 his
2051 1047 2275 1087 nominibus
2315 1047 2453 1086 Xeno-

346 1108 535 1159 phontem
568 1108 760 1149 delectari
796 1110 932 1149 multis
961 1110 1154 1161 exemplis
1184 1110 1316 1149 docuit
1342 1110 1554 1149 Piersonus
1581 1111 1635 1150 ad
1661 1111 1825 1150 Moerid.
1857 1124 1895 1162 p.
1935 1114 2020 1149 116.
2079 1112 2140 1150 Ex
2168 1111 2311 1162 Cyrop.
2346 1110 2453 1149 eius-

347 1171 453 1211 modi
480 1172 639 1212 nomina
667 1173 783 1213 affert
810 1173 982 1213 Cobctus
1011 1174 1063 1212 N.
1095 1174 1140 1212 L.
1172 1186 1213 1225 p.
1247 1175 1322 1213 388
1357 1171 1542 1226 γνωστήρ
1570 1173 1625 1213 VI
1654 1175 1690 1222 2,
1724 1176 1796 1220 393
1837 1171 2061 1227 ἐπιτακτήρ
2090 1174 2130 1213 ΙΙ
2159 1176 2194 1220 3,
2229 1177 2275 1221 4;
2315 1169 2451 1226 ὀπτήρ

346 1235 401 1273 IV
429 1238 467 1285 5,
503 1238 570 1284 17;
605 1233 796 1288 φραστήρ
825 1236 922 1276 ibid.
954 1241 993 1276 et
1019 1237 1161 1276 iterum
1190 1237 1224 1276 V
1252 1240 1290 1287 4,
1315 1239 1385 1283 4Ο;
1419 1236 1687 1289 θεραπευτήρ
1717 1237 1790 1277 VH
1818 1241 1854 1287 5,
1889 1240 1960 1285 653
1994 1234 2229 1290 ἀποδεκτήρ
2259 1241 2299 1276 et
2326 1235 2450 1289 ὃοτήρ

346 1299 442 1338 VIII
473 1302 507 1348 1,
540 1301 586 1347 9;
626 1304 834 1351 praeterea
860 1300 1111 1340 Homericum
1139 1298 1323 1353 μνηστήρ
1352 1301 1447 1340 VIII
1476 1303 1513 1350 4,
1549 1303 1611 1339 15.

453 1362 653 1414 Superest,
687 1367 730 1403 ut
757 1363 904 1403 Dorica
931 1364 1124 1404 vocabula
1144 1376 1460 1417 commemorem,
1505 1376 1667 1416 quorum
1695 1365 1892 1417 permulta
1919 1364 2028 1416 apud
2055 1364 2359 1416 Xenophontem
2387 1364 2450 1404 in-

345 1425 567 1465 veniuntur.
622 1427 800 1478 Longum
829 1431 889 1467 est
916 1440 965 1467 ea
994 1440 1237 1474 enumerare,
1270 1427 1474 1480 inspicias,
1508 1440 1608 1479 quae
1636 1428 1686 1468 de
1712 1428 1763 1468 iis
1791 1428 2010 1468 Heilandus
2038 1429 2066 1468 l.
2098 1440 2131 1468 c.
2165 1428 2391 1479 explicavit.

451 1489 563 1536 Quae
604 1491 723 1541 longe
764 1491 898 1531 aliena
939 1496 1030 1531 sunt
1069 1504 1094 1531 a
1130 1492 1301 1542 puritate
1342 1491 1504 1532 dialecti
1535 1493 1706 1532 Atticae.
1765 1492 1846 1532 Sed
1886 1505 1964 1532 non
2006 1492 2235 1532 mirabimur
2276 1492 2444 1542 epicam,

345 1552 540 1604 Doricam,
579 1553 755 1594 Ionicam
792 1553 1006 1595 dialectum
1034 1559 1185 1595 tantum
1214 1555 1389 1596 valuisse
1425 1555 1478 1596 ad
1514 1555 1827 1596 constituendam
1861 1555 2073 1596 dictionem
2101 1555 2444 1607 Xenophonteam,

345 1628 432 1656 cum
465 1617 635 1668 primum
672 1618 832 1668 quidem
869 1619 1178 1667 meminerimus,
1228 1620 1301 1659 illa
1332 1624 1463 1659 aetate
1497 1620 1636 1671 poe'sin
1669 1620 1723 1660 ad
1757 1620 1963 1671 fastigium
2000 1620 2230 1671 pervenisse
2268 1624 2307 1659 et
2343 1620 2451 1670 apud

345 1692 480 1720 omnes
508 1680 682 1721 Graecos
710 1682 987 1733 pervulgatam
1016 1695 1167 1723 summo
1195 1683 1235 1722 in
1263 1684 1410 1723 honore
1439 1683 1579 1723 fuisse.
1638 1684 1725 1723 Huc
1752 1683 1919 1732 accedit,
1958 1683 2062 1733 quod
2089 1683 2130 1723 in
2159 1683 2304 1723 Dorica
2332 1683 2450 1723 simul

344 1748 461 1795 atque
498 1744 542 1784 in
577 1745 710 1785 Ionica
746 1745 884 1797 lingua
922 1746 1046 1787 multa
1082 1751 1174 1787 sunt
1210 1747 1375 1795 usitata,
1418 1759 1520 1798 quae
1549 1746 1671 1787 Attici
1705 1747 1834 1799 poetis
1869 1751 2022 1787 tantum
2057 1746 2289 1787 concedunt.
2348 1747 2450 1786 Tum

343 1820 458 1856 vero,
500 1808 605 1857 quod
639 1809 694 1848 ad
720 1809 879 1849 Ionicae
907 1814 1026 1860 atque
1054 1811 1223 1850 Doricae
1252 1811 1415 1850 dialecti
1446 1811 1619 1861 vestigia
1645 1811 1796 1859 attinet,
1831 1811 1918 1860 jam
1946 1810 2180 1859 Helladius,
2218 1809 2323 1848 unde
2351 1810 2451 1848 mira

342 1870 415 1911 illa
442 1870 716 1923 Xenophontis
753 1877 793 1913 et
826 1873 1054 1914 intermixta
1081 1873 1228 1914 Ionicis
1258 1874 1535 1926 complusculis
1569 1877 1608 1914 et
1636 1874 1791 1914 Doricis
1830 1874 2136 1926 proprietatibus
2165 1873 2324 1914 dicendi
2351 1873 2449 1913 ratio

345 1938 430 1973 orta
458 1938 581 1984 esset,
623 1936 823 1987 explicare
860 1936 937 1977 sibi
973 1937 1187 1989 proposuit.
1243 1937 1344 1977 Vide
1372 1937 1458 1977 eius
1486 1938 1610 1977 verba
1640 1949 1706 1989 ap.
1738 1936 1850 1977 Phot.
1882 1937 1967 1977 cod.
2001 1939 2076 1975 279
2110 1950 2150 1989 p.
2184 1939 2259 1976 533
2289 1936 2441 1976 Bekk.:

347 1994 469 2037 οὐδὲν
495 1996 749 2048 θαυμαστὸν
786 1998 825 2037 εἴ
858 2014 951 2039 τινα
988 1999 1256 2052 παρακόπτει
1291 2005 1363 2053 τῆς
1398 2003 1580 2052 πατρίου
1609 2004 1751 2052 φωνῆς
1786 1997 1820 2049 (ὁ
1853 2001 2066 2052 Ξενοφῶν)
2101 1997 2203 2052 ἀνὴρ
2242 1999 2286 2039 ἐν
2322 2013 2448 2050 στρα-

345 2063 474 2108 τείαις
511 2059 727 2111 σχολάζων
762 2062 832 2101 καὶ
869 2063 1000 2110 ξένων
1029 2066 1281 2110 συνουσίαις.
1338 2064 1479 2114 Neque
1515 2063 1636 2114 igitur
1668 2063 1848 2103 mirabile
1877 2068 1938 2104 est
1974 2076 2083 2107 eum.
2103 2063 2264 2114 linguae
2292 2063 2445 2103 Atticae

344 2125 554 2176 puritatem
581 2124 624 2165 in
652 2124 808 2165 delectu
836 2126 1044 2166 verborum
1072 2139 1150 2167 non
1178 2128 1275 2167 satis
1304 2138 1507 2176 servasse,
1550 2126 1618 2177 qui
1655 2126 1824 2178 primum
1861 2127 1996 2178 procul
2024 2127 2075 2167 ab
2104 2127 2200 2167 urbe
2238 2126 2445 2166 militatum

343 2188 507 2238 abierat,
545 2191 628 2228 tum
656 2189 753 2229 urbe
781 2189 931 2229 eiectus
958 2194 1037 2230 tam
1068 2191 1136 2230 diu
1163 2191 1291 2243 patria
1318 2195 1357 2231 et
1384 2191 1529 2231 civium
1557 2190 1805 2231 sermonibus
1833 2191 2007 2241 carebat,
2040 2191 2182 2231 mirum
2211 2191 2341 2243 potius
2369 2194 2440 2240 est,

344 2252 449 2303 quod
476 2252 644 2304 patriam
673 2253 886 2293 dialectum
913 2258 995 2293 tam
1023 2254 1089 2306 pio
1117 2255 1248 2294 animo
1277 2259 1317 2294 et
1342 2255 1399 2294 ita
1427 2254 1664 2303 servaverit,
1705 2258 1766 2303 ut,
1808 2255 1876 2305 qui
1905 2255 1955 2294 de
1983 2267 2030 2294 eo
2058 2255 2314 2306 scripserunt,
2355 2266 2445 2293 ora-

342 2316 489 2356 tionem
537 2317 757 2368 simplicem
800 2321 840 2357 et
881 2316 1119 2366 dilucidam,
1165 2318 1300 2358 nativa
1341 2318 1537 2358 suavitate
1578 2322 1617 2357 et
1655 2322 1861 2358 venustate
1903 2318 2233 2368 commendatam,
2280 2317 2333 2357 ad
2373 2317 2444 2356 de·

343 2379 512 2421 centiam
553 2380 831 2433 compositam,
878 2380 1061 2422 omnibus
1095 2381 1265 2433 denique
1301 2381 1420 2423 Attici
1455 2381 1646 2422 sermonis
1680 2381 1881 2433 leporibus
1926 2386 1966 2422 et
2000 2382 2210 2423 veneribus
2247 2380 2440 2422 conditam

342 2444 661 2496 praedicarent-1-

450 2507 561 2554 Quae
590 2508 624 2547 si
654 2508 884 2559 excipimus,
917 2509 1144 2549 universum
1163 2509 1438 2560 Xenophontis
1466 2510 1672 2549 verborum
1705 2514 1936 2560 apparatum
1965 2510 2016 2548 ab
2035 2509 2238 2548 Atticismo
2265 2521 2342 2548 non
2369 2510 2443 2548 ab—

342 2570 501 2611 horrere
527 2570 819 2621 intellegemus.
869 2572 955 2611 Iam
983 2576 1116 2612 autem
1145 2572 1316 2613 vidimus
1344 2585 1434 2612 eum
1463 2572 1546 2612 fere
1574 2585 1730 2624 semper
1756 2572 1806 2612 ab
1835 2572 1908 2621 eis,
1939 2585 2041 2622 quae
2069 2571 2298 2622 antiquioris
2323 2572 2443 2612 Attici

450 2752 470 2772 ³*
493 2751 630 2794 Sauppe
653 2752 741 2786 Xen.
767 2752 834 2785 vol.
861 2752 892 2785 V
915 2762 949 2795 p.
969 2753 1030 2784 290
1060 2761 1098 2786 se
1121 2761 1164 2785 ex
1186 2752 1343 2795 Xenoph.
1372 2754 1433 2785 316
1461 2753 1629 2786 vocabula
1655 2753 1848 2794 poetarum,
1880 2753 1920 2782 99
1943 2751 2099 2789 Ionicae,
2131 2753 2171 2783 63
2196 2751 2343 2785 Doricae
2367 2753 2442 2785 dia-

343 2804 426 2838 lecti
448 2805 587 2848 propria
609 2808 827 2848 computasse
850 2806 946 2839 dicit.

428 2858 469 2877 *¹*
490 2854 571 2890 Alia
593 2858 762 2891 eiusmodi
785 2859 866 2891 vide
888 2858 981 2901 apud
1005 2858 1163 2891 Heiland.
1211 2858 1456 2898 Quaestionum
1480 2860 1524 2892 de
1546 2859 1694 2891 dialecto
1716 2858 1872 2900 Xenoph.
1898 2866 1995 2899 capp.
2021 2857 2095 2890 sell.

408 2909 470 2931 *³³*
493 2909 545 2944 cf.
572 2910 769 2953 Popponem
793 2912 837 2944 ad
859 2911 984 2954 Cyrop.
1011 2910 1177 2945 XXXIX.
1210 2929 1213 2935 ·

449 2966 472 3003 -l-
495 2963 616 2998 Cicero
639 2965 683 2999 de
705 2974 755 2998 or.
780 2964 815 2999 11
840 2966 889 3003 14,
916 2966 967 2998 58.
1014 2965 1112 2999 Brut.
1139 2964 1239 2999 XXX
1263 2966 1333 2998 132.
1380 2965 1482 3000 Dion.
1509 2965 1617 2999 Halic.
1643 2963 1692 2999 VI
1715 2975 1747 3009 p.
1776 2965 1835 2996 778
1859 2964 1902 2997 R.
