2769 3518
1412 203 1435 239 6

2274 253 2302 282 0

365 312 557 352 sermonis
585 313 806 364 peculiaria
825 319 931 364 sunt,
964 315 1160 364 recedere,
1195 320 1332 356 contra
1360 316 1580 356 consentire
1608 316 1650 355 in
1679 316 1812 356 verbis
1839 316 2063 367 deligendis
2082 316 2368 367 quodammodo
2388 328 2475 356 cum

365 375 544 426 Platone,
577 375 764 427 Isocrate,
797 377 839 417 in
866 377 1004 430 primis
1034 389 1122 419 cum
1152 379 1372 420 Andocide.

469 441 654 481 Fortasse
696 441 805 481 haud
846 442 1062 485 absurdum
1105 444 1261 484 videtur
1302 455 1391 484 esse
1434 444 1554 484 verba
1595 443 1791 494 quaedam
1828 456 1853 483 a
1887 445 2172 486 consuetudine
2213 445 2476 496 antiquiorum

363 504 483 555 plane
512 504 760 555 recedentia,
803 519 906 556 quae
935 508 1157 550 communia
1184 512 1316 547 tamen
1354 512 1446 547 sunt
1473 507 1728 559 Xenophonti
1765 520 1852 547 cum
1882 509 2186 559 recentioribus,
2228 520 2472 550 enumerare.

362 568 422 607 Ex
452 581 500 608 eo
530 569 691 619 quidem
721 583 869 621 genere
907 572 1044 623 largus
1072 577 1134 613 est
1170 584 1356 611 numerus
1385 571 1686 623 compositorum
1722 571 1845 611 veluti
1883 567 2208 624 ἆντιγνωμονεῑν
2244 573 2388 626 Cyrop.
2420 572 2475 612 IV

362 633 400 679 3,
434 634 476 678 8;
525 629 763 674 ἂντικαλεῑν
798 635 918 675 Conv.
949 636 967 675 I
1003 639 1069 682 15;
1110 632 1466 688 ἀντιπροσφέρειν
1500 635 1621 675 Conv.
1653 636 1687 675 V
1716 637 1759 683 9;
1808 631 2050 689 ἆξιόκτητος
2087 637 2232 689 Cyrop.
2264 638 2298 677 V
2329 639 2365 685 2,
2395 639 2468 684 ,1ος

362 692 625 750 ἀξιοπρεπὴς
658 698 782 738 Conv.
815 699 910 738 VIII
949 702 999 737 40
1041 699 1123 739 alia
1164 700 1360 739 vocabula
1408 712 1496 739 cum
1538 699 1733 739 adiectivo
1772 696 1887 748 ἄξιος
1924 699 2151 749 coniuncta;
2208 697 2476 753 ἅποθαῤῥεῖν

363 759 457 799 Oce.
490 761 585 800 XVI
623 764 665 807 6;
713 761 977 810 διακαθίζειν
1012 762 1105 802 Oec.
1138 763 1193 803 VI
1229 765 1270 810 6;
1318 762 1584 814 διαχωρίζειν
1619 762 1713 802 Oec.
1746 762 1841 802 VIII
1883 765 1948 810 11;
1997 761 2150 813 ἐκβοᾶν
2177 765 2276 804 Ven.
2308 764 2362 803 Vl
2403 766 2468 809 1ος

362 821 674 863 ἐπανακεῑσθαι
711 825 855 876 Cyrop.
887 826 947 864 III
982 827 1018 874 3,
1053 828 1125 870 52;
1173 823 1407 878 εὔπρακτος
1444 827 1573 866 Anab.
1605 826 1665 865 III
1703 828 1739 874 3,
1773 827 1823 864 20
1865 825 1947 865 alia
1987 826 2195 867 eiusmodi.
2262 828 2363 867 Tum
2398 827 2474 867 huc

362 886 534 938 pertinet
571 883 783 928 ἆσθενοῦν
810 889 955 940 Cyrop.
988 889 1006 929 I
1036 893 1072 940 5,
1108 892 1153 938 3;
1201 886 1376 942 ἀτρεμία
1414 890 1511 930 ibid.
1544 890 1599 930 VI
1629 892 1664 939 3,
1703 892 1768 939 13;
1815 888 2090 943 βαρβαρίζειν
2124 891 2231 932 Hell.
2263 891 2297 931 V
2326 892 2361 940 2,
2396 892 2467 938 35;

363 950 618 1000 δευτεραῖος,
666 951 829 998 ἑκταῖος
870 953 1065 993 eiusmodi
1102 954 1345 999 numeralia;
1393 951 1601 993 δύσπνοια
1630 954 1730 993 Ven.
1762 954 1820 992 IX
1851 956 1923 1002 203
1970 950 2201 1004 εὐμενίζειν
2237 955 2383 1006 Cyrop.
2416 954 2472 993 III

361 1016 398 1061 3,
432 1015 505 1060 22;
543 1017 768 1064 θεοσέβεια
795 1016 926 1056 Anab.
959 1017 997 1056 II
1027 1018 1063 1065 6,
1098 1018 1148 1056 26
1177 1017 1271 1057 alia.
1332 1017 1413 1057 Sed
1439 1016 1520 1056 iam
1549 1017 1647 1056 satis
1676 1021 1750 1057 est.

466 1077 540 1116 His
568 1079 818 1128 pertractatis
840 1080 927 1131 jam
958 1080 1050 1120 licet
1078 1080 1303 1131 transgredi
1331 1079 1384 1119 ad
1403 1079 1712 1132 orthographiae
1741 1080 1968 1132 discrimen,
2002 1081 2106 1131 quod
2134 1082 2344 1123 intercedit
2370 1082 2473 1121 inter

362 1144 519 1179 veteres
548 1141 759 1193 scriptores
786 1144 938 1183 Atticos
967 1148 1085 1194 atque
1115 1144 1433 1194 Xenophontem.
1498 1181 1503 1185 .

466 1204 596 1256 Atque
634 1209 677 1245 ut
713 1219 738 1246 a
772 1207 906 1247 verbis
941 1210 1163 1259 γίγνεσθαι
1199 1212 1238 1248 et
1272 1207 1512 1260 γιγνώσκειν
1548 1207 1757 1258 ordiamur,
1804 1221 1907 1259 quae
1946 1211 2143 1260 γίνεσθαι
2179 1214 2219 1251 et
2258 1207 2472 1262 γινώσκειν

357 1279 516 1318 quoque
546 1269 783 1320 scribuntur,
815 1271 856 1310 in
886 1271 1087 1312 codicibus
1114 1271 1346 1323 scriptorum
1375 1271 1467 1311 inde
1496 1272 1546 1311 ab
1576 1272 1743 1311 Homero
1772 1283 1896 1323 usque
1924 1272 1978 1312 ad
2005 1272 2226 1313 infimorum
2254 1278 2470 1325 temporum

361 1330 484 1369 libros
512 1332 616 1371 inter
642 1338 851 1382 utramque
881 1335 1047 1373 formam
1078 1336 1266 1373 variatur.
1327 1336 1478 1374 Tamen
1515 1335 1662 1374 formas
1699 1338 1895 1385 γίνεσθαι
1931 1340 1971 1374 et
2007 1335 2223 1386 γινώσκειν
2259 1349 2346 1375 cum
2380 1349 2471 1387 pro-

359 1393 467 1444 prias
496 1394 655 1436 Ionicae
690 1396 852 1438 dialecti
888 1402 971 1438 tum
1009 1402 1214 1449 poetarum
1250 1398 1373 1440 fuisse
1412 1398 1610 1450 epicorum
1649 1399 1728 1439 iam
1758 1412 1805 1439 eo
1834 1403 2023 1451 apparet,
2064 1400 2169 1451 quod
2204 1401 2321 1451 longe
2355 1412 2471 1451 prae-

359 1457 495 1497 valent
529 1457 571 1497 in
600 1460 882 1501 vetustissimis
914 1461 1211 1501 Homericorum
1242 1461 1459 1503 carminum
1489 1461 1702 1502 codicibus.
1753 1462 1803 1502 Et
1831 1462 2098 1503 testimonium
2126 1463 2235 1503 haud
2263 1464 2469 1504 obscurum

357 1521 474 1559 affert
509 1522 767 1574 Eustathius,
809 1526 877 1574 qui
903 1538 942 1575 p.
980 1529 1099 1573 1064,
1135 1529 1157 1562 2
1195 1526 1309 1565 dicit:
1363 1525 1409 1564 τὸ
1440 1526 1484 1563 δὲ
1522 1529 1695 1576 γίνωσκε
1725 1528 1795 1564 καὶ
1824 1524 1967 1572 ἁπλῶς
1999 1526 2045 1564 τὸ
2084 1526 2300 1577 γινώσκειν
2328 1527 2367 1565 οἱ
2394 1528 2472 1576 μὲν

357 1578 533 1635 ὕστερον
559 1580 739 1626 Ἀττικοὶ
766 1585 872 1638 μετὰ
900 1588 971 1628 καὶ
1006 1587 1203 1640 δευτέρου
1239 1586 1382 1641 γάμμα
1412 1587 1653 1641 γιγνώσκειν
1691 1592 1834 1643 φασίν,
1879 1585 1933 1637 ὡς
1967 1589 2037 1629 καὶ
2067 1585 2088 1630 ὃ
2118 1587 2299 1641 κωμικὸς
2336 1589 2466 1644 δηλοῖ,

357 1645 473 1686 καθὰ
510 1649 579 1687 καὶ
609 1648 655 1689 τὸ
684 1654 880 1702 γίνεσθαι
918 1655 1154 1704 γίγνεσθαι.
1204 1649 1387 1705 (Όμηρος
1422 1655 1566 1702 μέντοι
1603 1650 1909 1706 ἀρχαϊκώτερον
1947 1650 2089 1705 ἀγνοεῖ
2122 1654 2192 1692 καὶ
2228 1652 2272 1693 ἐν
2310 1650 2471 1706 ἀμφοῖν

357 1710 403 1750 τὸ
434 1710 629 1764 δεύτερον
657 1716 821 1765 γάμμα·
869 1715 958 1754 ἔστι
986 1716 1031 1755 δὲ
1061 1712 1173 1764 ὅμως
1203 1712 1497 1767 ἀκριβέστερον
1525 1715 1570 1754 τὸ
1611 1721 1693 1756 τῶν
1719 1714 1904 1768 ὕστερον,
1940 1716 1977 1755 εἰ
2006 1717 2077 1755 καὶ
2105 1713 2396 1769 εὐφωνότερον
2423 1716 2469 1755 τὸ

357 1782 431 1820 τοῦ
454 1775 650 1833 Ὁμήρου.
692 1778 847 1819 Atticas
875 1777 1023 1819 formas
1052 1776 1292 1832 γιγνώσκειν
1320 1783 1360 1820 et
1386 1781 1608 1832 γίγνεσθαι
1636 1779 1885 1832 grammatici
1913 1779 2142 1833 perhibent;
2175 1784 2309 1821 tamen
2336 1780 2470 1832 Poppo

356 1844 383 1881 l.
416 1856 451 1882 c.
485 1844 696 1882 Casselani
725 1847 765 1881 et
792 1844 1018 1892 Augustani
1055 1843 1232 1881 codicum
1262 1844 1382 1881 nimio
1417 1844 1548 1882 studio
1585 1845 1777 1895 deceptus
1814 1844 1922 1882 haud
1958 1856 2048 1882 raro
2086 1844 2128 1882 in
2164 1844 2275 1883 libris
2312 1844 2470 1894 optimis

356 1909 554 1959 γίνεσθαι
590 1906 754 1959 reperiri
790 1906 899 1947 dicit.
959 1906 1040 1947 Sed
1078 1907 1244 1947 fallitur.
1302 1907 1557 1959 Reliquorum
1592 1908 1782 1948 bonorum
1820 1907 1996 1961 codicum
2033 1911 2186 1948 tantum
2215 1907 2470 1948 Laurentiani

356 1972 454 2025 plut.
489 1974 540 2010 69
570 1971 657 2011 cod.
693 1973 714 2009 2
752 1983 823 2011 sex
853 1971 1003 2023 primae
1032 1971 1204 2023 paginae
1233 1984 1258 2011 a
1294 1972 1412 2023 longe
1439 1972 1656 2012 recentiore
1685 1985 1805 2012 manu
1834 1972 2006 2024 scriptae
2035 1974 2232 2024 γίνεσθαι
2264 1972 2466 2020 exhibent,

355 2037 411 2076 uti
441 2037 458 2074 1
494 2039 538 2075 13
567 2041 648 2080 ter;
692 2037 710 2074 I
744 2039 812 2074 16:
854 2036 873 2074 Ι
904 2038 965 2084 33,
1002 2038 1024 2073 2
1054 2036 1168 2075 alias.
1229 2036 1387 2085 Reliqui
1423 2048 1560 2076 omnes
1597 2037 1754 2076 codices
1791 2036 2123 2088 praestantissimi
2160 2036 2211 2074 ad
2248 2038 2469 2087 γίγνεσθαι

356 2100 611 2151 propendent.
675 2100 764 2146 Qua
799 2099 849 2139 de
886 2111 1007 2139 causa
1041 2111 1113 2138 suo
1150 2100 1236 2139 iure
1266 2100 1474 2139 Bekkerus
1508 2100 1560 2139 ad
1587 2100 1712 2139 Thuc.
1747 2101 1765 2139 I
1794 2103 1831 2150 2,
1866 2102 1888 2138 2
1926 2099 2083 2140 videtur
2109 2099 2385 2148 admonuisse,
2427 2104 2469 2139 ut

356 2163 501 2214 ubique
530 2174 600 2215 per
619 2161 897 2215 Thucydidem
926 2164 1149 2215 γίγνεσθαι
1177 2166 1217 2203 et
1245 2161 1487 2215 γιγνώσκειν
1505 2163 1773 2204 restituatur:
1798 2161 1920 2211 Quod
1941 2175 2034 2205 vero
2062 2162 2132 2203 alii
2159 2161 2327 2203 eandem
2347 2161 2468 2202 ratio-

355 2238 443 2265 nem
474 2227 593 2265 etiam
629 2226 736 2276 apud
774 2227 947 2276 reliquos
983 2230 1140 2265 veteres
1169 2227 1322 2265 Atticos
1357 2227 1684 2275 observaverunt,
1726 2232 1831 2266 recte
1867 2227 1964 2265 mihi
2001 2227 2135 2265 facere
2172 2226 2322 2274 videor,
2363 2226 2467 2276 quod

353 2290 701 2340 grammaticorum
738 2293 778 2328 et
814 2289 999 2328 librorum
1039 2302 1133 2329 mss.
1175 2290 1448 2330 auctoritatem
1495 2294 1652 2329 secutus
1691 2290 1832 2329 Atticis
1876 2290 2076 2330 veteribus
2118 2289 2263 2339 ubique
2305 2288 2467 2328 restituo

354 2355 578 2405 γίγνεσθαι
614 2356 654 2393 et
691 2350 945 2404 γιγνώσκειν.
1005 2353 1085 2393 Sed
1122 2352 1317 2402 dubitem,
1359 2366 1452 2394 num
1491 2365 1577 2392 cum
1607 2353 1800 2405 Stephani
1828 2353 2032 2394 Thesauro
2069 2351 2352 2393 recentioribus
2380 2351 2467 2392 dia-

354 2417 447 2455 lecti
476 2416 631 2455 Atticae
668 2416 893 2455 auctoribus
930 2416 1095 2455 alteram
1134 2416 1299 2455 formam
1338 2416 1572 2465 relinquam.
1632 2417 1736 2454 Sane
1774 2417 1936 2466 linguae
1974 2416 2191 2455 communis
2229 2419 2311 2465 est,
2348 2427 2464 2464 quam

354 2479 607 2531 amplectitur
633 2480 886 2529 Aristoteles,
930 2485 969 2520 et
997 2480 1165 2531 ubique,
1208 2479 1249 2519 ni
1279 2479 1407 2527 fallor,
1449 2479 1556 2531 apud
1586 2492 1675 2519 eum
1705 2482 1900 2531 γίνεσθαι
1928 2485 1968 2520 et
2005 2477 2221 2532 γινώσκειν
2255 2478 2461 2528 excutitur,

354 2548 395 2583 ut
414 2543 501 2582 Pol.
524 2543 563 2581 II
587 2546 621 2591 1,
650 2546 718 2584 11;
757 2545 824 2584 13;
864 2546 909 2582 14
938 2543 1114 2594 alioquin
1144 2543 1393 2595 saepissime.
1446 2543 1559 2591 Quod
1588 2555 1681 2582 vero
1709 2544 1850 2584 attinet
1868 2544 1920 2584 ad
1940 2543 2259 2596 Xenophontem,
2287 2542 2465 2582 Sturzius

352 2608 398 2647 L.
431 2607 484 2646 X.
517 2620 550 2646 s.
573 2621 611 2646 v.
645 2607 759 2647 dicit:
796 2609 1043 2658 »γίγνεσθαι
1072 2612 1113 2647 et
1140 2610 1357 2659 γίνεσθαις
1391 2621 1483 2647 nam
1512 2607 1554 2646 in
1583 2607 1693 2647 libris
1721 2608 1864 2647 nostris
1893 2607 2011 2648 editis
2040 2612 2248 2658 utrumque
2276 2606 2461 2658 legitur«.

352 2672 449 2711 Ideo
479 2676 632 2711 tantum
662 2671 858 2711 editiones
888 2685 976 2711 eum
1006 2672 1204 2723 respicere
1233 2676 1412 2723 apparet.
1471 2671 1617 2711 Contra
1646 2672 1841 2723 Krueger.
1872 2672 1913 2711 in
1949 2672 2081 2712 indice
2120 2671 2328 2710 verborum
2356 2670 2465 2710 Ana-

352 2736 496 2775 baseos
533 2735 699 2775 editioni
734 2735 888 2775 adiecto
924 2735 1049 2775 tribus
1086 2740 1238 2775 tantum
1276 2740 1493 2785 quatuorve
1531 2735 1627 2774 locis
1661 2738 1857 2786 γίνεσθαι
1897 2736 2008 2775 nulla
2045 2734 2238 2774 varietate
2275 2734 2316 2773 in
2354 2734 2465 2774 libris

352 2799 509 2849 optimis
551 2810 645 2837 mss.
688 2799 877 2850 scriptum
918 2810 1009 2838 esse
1052 2798 1265 2837 contendit.
1327 2798 1402 2838 Cui
1438 2799 1472 2836 si
1512 2798 1630 2837 fidem
1668 2799 1882 2849 habemus,
1929 2811 2016 2838 cum
2055 2798 2174 2837 etiam
2217 2797 2465 2846 grammatici

353 2864 575 2913 γίγνεσθαι
612 2867 651 2903 et
687 2860 929 2914 γιγνώσκειν
961 2862 1102 2902 Atticis
1136 2862 1323 2912 tribuant,
1363 2862 1404 2902 in
1442 2861 1715 2913 Xenophontis
1752 2862 1865 2902 libris
1903 2862 2049 2912 ubique
2087 2862 2309 2912 γίγνεσθαι
2348 2861 2465 2901 resti-

353 2925 543 2965 tuendum
573 2938 661 2965 esse
689 2938 845 2965 censeo.
906 2926 956 2965 Et
983 2925 1158 2977 profecto
1187 2925 1360 2966 editores
1389 2925 1638 2975 recentiores,
1671 2926 1774 2966 inter
1801 2938 1899 2977 quos
1928 2929 1989 2965 est
2015 2925 2229 2975 Krueger.,
2261 2923 2459 2975 Dindorf.,

352 2989 614 3044 Vollbrecht.‚
647 2990 1051 3040 Buechsenschuetz.‚
1085 2990 1299 3040 Cuehner.,
1334 2989 1480 3041 ubique
1508 2992 1705 3041 γίνεσθαι
1733 2994 1772 3030 et
1800 2987 2017 3042 γινώσκειν
2044 2991 2293 3041 spreverunt.
