2769 3518
1290 227 1335 264 13

261 344 331 388 25;
367 340 605 392 ἑσβιβάζειν
631 343 651 380 Ι
680 344 716 391 6,
751 344 822 388 24;
857 341 1109 381 ἑστίθεσθαι
1135 343 1155 380 Ι
1183 344 1220 391 6,
1245 344 1313 390 20;
1347 341 1416 381 sed
1444 342 1582 393 optimi
1609 342 1725 381 codd.
1755 342 1811 381 ibi
1840 354 1994 393 quoque
2023 340 2083 387 εἰς
2111 345 2257 380 tenent.
2319 341 2365 380 In

260 405 494 446 Anabaseos
529 405 643 446 libris
679 418 774 445 mss.
806 406 1043 456 quibusdam
1078 407 1207 447 bonae
1234 410 1350 446 notae
1386 405 1487 445 haee
1514 405 1639 445 forma
1673 406 1818 456 legitur
1845 407 1864 445 Ι
1895 409 1930 455 1,
1964 408 2010 444 21
2045 403 2276 455 ἐσβάλλειν.
2326 405 2365 444 11

262 470 298 514 6,
333 469 384 507 30
413 467 455 515 ἐς
483 469 644 522 φιλίαν.
686 469 745 508 ΙΠ
774 471 810 518 4,
835 471 885 507 25
915 468 957 515 ἐς
985 468 1031 508 τὸ
1060 469 1218 521 πρανὲς
1247 468 1438 519 ἔβαλλον.
1478 468 1534 507 IV
1562 470 1598 517 3,
1625 470 1674 506 29
1703 472 1800 508 θεῖν
1829 466 1893 508 ἀεὶ
1921 468 1964 515 ἐς
1992 467 2090 514 τοὺς
2119 468 2362 517 πολεμίους.

260 531 295 571 V
324 533 359 581 3,
397 534 412 570 1
446 530 489 579 ἐς
516 529 568 571 τὰ
596 532 725 571 πλοῖα
754 529 1016 584 ἐνεβίβασαν.
1074 534 1109 573 V
1138 537 1176 583 5,
1210 535 1231 571 7
1271 529 1471 579 ἐλθόντες
1500 530 1542 578 ἐς
1570 528 1615 570 τὸ
1647 530 1943 584 στρατόπεδον.
2003 532 2058 572 VI
2087 534 2123 582 2,
2159 534 2209 571 26
2246 530 2288 578 ἐς
2317 529 2362 570 τὸ

261 593 547 649 στρατόπεδον
575 595 850 649 ἀφικνοῦνται
878 597 1057 649 saepius,
1090 597 1234 649 quibus
1262 596 1372 637 locis.
1389 596 1461 636 alii
1489 595 1603 636 codd.
1636 595 1695 643 εἷς
1724 597 1904 637 offerunt.
1962 598 2008 636 In
2036 597 2182 649 Cyrop.
2214 596 2364 636 formae

261 657 303 705 ἐς
331 670 427 699 usus
453 660 521 699 vix
549 659 661 700 nobis
689 660 855 699 occurrit
881 661 923 700 in
951 660 1211 707 editionibus;
1251 660 1390 712 optimi
1418 660 1507 699 libri
1544 671 1638 699 mss.
1673 658 1732 706 εἷς
1761 659 1844 699 fere
1872 660 2016 712 ubique
2044 661 2191 701 habent
2219 660 2238 699 I
2268 661 2303 708 2,
2338 661 2361 696 4

260 722 319 768 εἰς
347 721 421 769 τὰς
448 721 585 775 χώρας
612 722 821 775 πάρεισιν.
871 724 910 762 II
938 727 973 773 3,
1008 727 1052 762 21
1087 724 1146 770 εἰς
1174 722 1249 763 δύο
1278 720 1395 775 ἅγειν
1421 721 1496 762 τὸν
1523 721 1660 772 λόχον.
1711 723 1770 761 ΠΙ
1801 726 1834 770 1,
1868 725 1917 760 42
1947 724 2006 769 εἰς
2034 727 2176 776 τρίτην
2203 720 2364 776 ἡμέραν

261 793 473 838 παρεῖναι.
530 786 583 826 lv
614 790 649 835 5,
685 790 735 825 56
771 786 830 834 εἰς
858 786 988 836 τάξιν.
1046 788 1080 827 V
1108 791 1146 838 4,
1179 790 1224 826 21
1268 783 1341 827 οὐκ
1370 785 1429 833 εἰς
1456 785 1633 838 μακράν.
1692 787 1746 826 VI
1775 789 1811 833 2,
1847 789 1869 825 2
1904 786 1963 833 εἷς
2001 785 2096 833 τοὺς
2133 787 2361 836 πολεμίους

262 848 417 889 ἐλθεῖν.
476 850 550 889 VII
582 852 616 897 1,
650 852 672 887 4
702 849 762 896 εἰς
790 851 877 902 τρὶς
907 847 1116 903 ἀνέπαυσε
1146 848 1192 890 τὸ
1222 848 1472 903 στράτευμα.
1532 850 1627 889 VIII
1659 853 1692 898 1,
1726 851 1775 889 33
1805 848 1864 895 εἰς
1892 848 2041 896 κάλλος
2070 849 2154 903 ζῆν,
2186 850 2360 900 itemque

260 911 540 964 εἰσαγγέλλειν
558 913 652 952 VIII
682 915 718 962 3,
744 915 813 961 2Ο;
848 912 1119 953 εἰσάλλεσθαι
1145 914 1221 953 VII
1249 917 1287 962 4,
1312 917 1355 961 4;
1389 913 1583 959 εἰσαῦθις
1602 914 1696 952 VIII
1724 915 1760 961 3,
1788 915 1830 960 83
1864 911 2130 963 εἰσέρχεσθαι
2156 914 2191 951 V
2220 915 2254 959 3,
2284 915 2353 957 17;

261 974 434 1016 εἰσιέναι
460 976 516 1016 IV
536 977 571 1025 2,
597 978 668 1025 39;
703 975 953 1028 εἰσκομίζειν
979 978 999 1016 Ι
1027 980 1063 1027 4,
1087 980 1132 1027 93
1167 976 1378 1031 εἰσφέρειν
1396 977 1451 1017 VI
1479 979 1516 1027 2,
1541 978 1579 1016 9.
1628 977 1767 1028 Neque
1795 976 1937 1028 reliqui
1963 976 2055 1017 libri
2082 975 2359 1028 Xenophontei

260 1041 378 1092 plane
407 1040 646 1081 dissentiunt
671 1041 721 1081 ab
749 1041 826 1081 hac
854 1042 1047 1094 scriptura
1074 1054 1144 1094 per
1171 1044 1213 1081 εἶ
1233 1041 1535 1093 diphthongum,
1569 1046 1612 1081 ut
1639 1042 1706 1081 vix
1733 1041 1843 1094 apud
1863 1040 2166 1093 Xenophontem
2195 1040 2359 1080 ferenda

259 1117 348 1145 esse
376 1105 503 1145 forma
531 1103 573 1152 ἐς
600 1104 795 1145 videatur.

365 1168 451 1208 Iam
484 1168 575 1209 hinc
612 1173 861 1209 transeamus
895 1169 947 1209 ad
984 1169 1312 1221 praepositionem
1348 1167 1479 1216 ἕνεκα,
1522 1181 1624 1218 quae
1661 1169 1779 1208 etiam
1817 1168 1955 1208 εἵνεκα
1984 1168 2177 1216 scribitur,
2218 1173 2258 1207 et
2285 1169 2357 1207 hoc

258 1231 415 1282 quidem
440 1231 597 1272 Ionicae
625 1231 787 1272 dialecti
817 1237 857 1273 et
884 1237 1088 1284 poetarum
1115 1233 1359 1273 heroicorum
1387 1232 1584 1284 proprium
1612 1232 1766 1272 videtur
1786 1244 1890 1272 esse.
1939 1232 2137 1272 Maximus
2157 1232 2356 1271 Planudes

258 1295 362 1334 enim
400 1294 537 1335 εἵνεκα
574 1296 637 1334 vel
675 1295 830 1335 εἵνεκεν
865 1297 1061 1347 poeticum
1099 1308 1188 1336 esse
1223 1296 1332 1336 dicit.
1390 1296 1550 1346 Tragici
1579 1296 1794 1346 comicique
1831 1309 1918 1335 eam
1947 1296 2112 1336 formam
2143 1308 2219 1334 non
2247 1307 2356 1334 rece-

259 1362 418 1410 perunt,
461 1357 532 1398 sed
559 1358 625 1398 ubi
655 1358 782 1410 prima
810 1359 967 1410 syllaba
1002 1359 1123 1410 longa
1151 1371 1251 1411 opus
1279 1363 1383 1409 erat,
1425 1359 1589 1399 formam
1618 1355 1766 1398 οὕνεκα
1793 1358 2078 1407 adhibuerunt,
2122 1371 2239 1408 quam
2267 1358 2356 1397 libri

258 1421 591 1472 praestantissimi
619 1433 745 1472 paene
775 1426 1000 1462 constanter
1027 1426 1274 1462 conservant.
1333 1422 1412 1462 Cfr.
1445 1422 1646 1473 Aristoph.
1677 1423 1769 1461 Pac.
1801 1424 1871 1460 221
1913 1416 1971 1462 ὧν
1998 1417 2137 1461 οὕνεκ’
2169 1418 2242 1460 οὐκ
2271 1417 2353 1459 οἶδ’

259 1483 296 1523 εἰ
333 1480 433 1522 ποτ’
466 1482 643 1536 Εἰρήνην
678 1483 739 1522 ἔτι
777 1481 955 1535 ὄψεσθε.
1015 1486 1122 1524 Eccl.
1157 1488 1245 1524 105.
1286 1486 1376 1524 559.
1420 1486 1510 1524 658.
1558 1485 1663 1524 Nub.
1697 1486 1785 1523 361.
1830 1486 1928 1524 1508
1957 1484 2069 1524 alibi.
2130 1484 2210 1523 Suo
2238 1483 2357 1534 igitur

258 1547 343 1586 iure
371 1560 462 1586 rara
490 1547 705 1598 scripturae
733 1549 918 1600 exempla
946 1548 1168 1588 Brunckius
1196 1548 1249 1587 ad
1276 1549 1476 1600 Aristoph.
1509 1549 1602 1600 Lys.
1636 1551 1684 1586 74
1718 1549 1863 1600 expelli
1889 1548 2006 1587 iussit
2038 1560 2206 1598 eumque
2234 1547 2358 1586 secuti

258 1614 369 1657 sunt,
410 1609 480 1660 qui
516 1614 655 1661 postea
691 1615 829 1663 poetas
857 1612 1007 1651 Atticos
1036 1612 1257 1652 ediderunt.
1315 1612 1399 1652 Nec
1426 1611 1545 1652 Attici
1582 1624 1723 1664 prosae
1759 1611 1945 1651 orationis
1981 1611 2191 1662 scriptores
2219 1609 2355 1650 εἵνεκα

257 1673 441 1712 videntur
476 1673 699 1713 admisisse.
757 1675 816 1714 Ea
843 1675 1002 1725 quidem
1032 1675 1278 1726 Thucydidis
1311 1675 1544 1727 optimorum
1573 1675 1749 1715 codicum
1779 1680 1839 1715 est
1866 1674 1987 1723 ratio,
2028 1678 2072 1713 ut
2099 1674 2182 1714 fere
2210 1673 2354 1724 ubique

257 1736 428 1776 Atticam
454 1736 620 1776 formam
641 1735 760 1777 ἕνεκα
779 1738 1010 1786 exhibeant;
1042 1738 1104 1779 bis
1132 1737 1283 1787 ἕνεκεν,
1316 1751 1395 1789 qua
1413 1738 1539 1778 forma
1567 1743 1705 1791 poetae
1726 1738 1838 1778 metri
1857 1750 1979 1778 causa
1997 1741 2169 1786 utuntur,
2204 1737 2223 1775 I
2241 1738 2304 1784 68,
2331 1739 2354 1775 2

256 1798 395 1839 ἕνεκεν
422 1804 503 1840 τῶν
531 1796 673 1847 αὑτοῖς
702 1800 788 1854 ἰδίᾳ
816 1800 1035 1855 διαφόρων
1060 1803 1103 1842 in
1129 1802 1395 1842 Laurentiano
1421 1801 1451 1841 C
1480 1803 1639 1853 legitur,
1671 1802 1775 1854 quod
1801 1807 1932 1842 tamen
1960 1802 2001 1841 in
2030 1801 2149 1841 ἕνεκα
2178 1800 2354 1840 radendo

258 1864 427 1903 correxit
452 1876 594 1903 manus
623 1866 816 1912 secunda;
850 1866 903 1904 VI
933 1869 968 1913 2,
994 1869 1017 1904 6
1048 1865 1254 1918 ἐμπορίας
1282 1865 1421 1905 ἕνεκεν
1448 1870 1520 1918 τῆς
1547 1865 1655 1917 πρὸς
1683 1864 1778 1911 τοὺς
1805 1863 2027 1911 Σικελιούς,
2061 1877 2138 1914 quo
2166 1865 2253 1903 loco
2282 1863 2355 1902 de-

256 1926 418 1967 teriores
446 1926 605 1978 quidam
636 1927 749 1968 codd.
783 1927 902 1969 ἕνεκα
931 1929 1141 1981 praebent,
1183 1929 1289 1981 quod
1322 1941 1479 1981 semper
1506 1929 1779 1981 Thucydidem
1813 1928 2041 1968 adhibuisse
2069 1928 2210 1967 Thom.
2243 1927 2350 1977 Mag.

256 1990 365 2030 dicit.
423 1990 512 2037 Qua
548 1990 598 2030 de
635 2003 756 2031 causa
789 1992 851 2032 his
879 2005 1033 2043 quoque
1069 1994 1166 2033 locis
1194 1993 1422 2045 Thucydidi
1457 1992 1577 2032 ἕνεκα
1611 1992 1893 2033 restituendum
1927 2004 2015 2032 esse
2053 1991 2151 2030 mihi
2178 1990 2348 2030 videtur.

256 2053 371 2100 Quod
407 2065 500 2092 vero
528 2053 803 2105 Xenophontis
840 2060 958 2105 atque
990 2056 1166 2096 Platonis
1200 2056 1360 2107 quidam
1397 2056 1489 2095 libri
1526 2056 1675 2105 aliquot
1709 2056 1804 2094 locis
1841 2055 1975 2094 εἵνεκα
2014 2054 2224 2103 exhibent,
2261 2053 2353 2092 ideo

256 2115 322 2155 vix
359 2128 448 2156 eam
482 2115 648 2156 formam
686 2116 854 2158 dialecto
889 2118 1044 2159 Atticae
1085 2119 1291 2160 recentiori
1331 2118 1633 2159 vindicabimus.
1700 2118 1837 2158 Thom.
1869 2118 1975 2168 Mag.
2009 2130 2049 2168 p.
2083 2119 2156 2157 307
2197 2115 2347 2168 prodit:

257 2180 327 2217 καὶ
355 2178 474 2218 ἕνεκα
502 2180 572 2218 καὶ
600 2179 736 2219 εἵνεκα
764 2180 947 2221 Πλάτων
974 2184 1254 2234 Δημοσθένης
1280 2183 1351 2221 καὶ
1379 2181 1419 2220 οἱ
1448 2178 1586 2231 ἄλλοι,
1633 2181 1887 2234 Θουκυδίδης
1914 2181 1958 2220 δὲ
1987 2177 2051 2219 ἀεὶ
2079 2179 2212 2219 ἕνεκα.
2273 2179 2351 2218 Sed

256 2242 417 2293 saepius
454 2242 545 2282 libri
579 2255 675 2282 mss.
708 2244 984 2296 Xenophontei
1020 2245 1122 2285 inter
1156 2244 1275 2284 ἕνεκα
1312 2249 1352 2285 et
1389 2244 1528 2285 ἕνεκεν
1561 2245 1717 2285 variant
1750 2250 1789 2284 et
1825 2244 1930 2283 haud
1958 2257 2044 2283 raro
2072 2243 2231 2294 quidem
2258 2247 2352 2282 ante

255 2306 433 2346 vocalem
463 2304 601 2346 ἕνεκεν
627 2306 808 2356 tradunt,
849 2312 892 2347 ut
919 2320 968 2348 ex
1005 2308 1067 2348 his
1096 2308 1193 2348 locis
1219 2308 1429 2359 intelleges
1457 2309 1575 2348 Anal.
1606 2309 1646 2347 II
1674 2310 1711 2357 3,
1744 2310 1792 2347 20
1828 2310 1937 2354 τίνος
1965 2306 2103 2346 ἕνεκεν
2132 2303 2353 2357 ἐστρατεύ-

256 2382 355 2408 σατε
384 2366 457 2408 ἐπ’
489 2366 629 2408 αὐτόν.
679 2370 731 2408 ib.
765 2371 821 2409 IV
853 2374 886 2418 1,
920 2373 970 2408 22
1008 2370 1156 2411 τούτου
1193 2371 1332 2411 ἕνεκεν
1359 2369 1489 2417 ὅπως.
1539 2372 1574 2410 V
1602 2373 1639 2414 8,
1677 2374 1722 2409 13
1761 2370 1896 2410 ἕνεκεν
1933 2369 2116 2417 ἀταξίας.
2167 2370 2200 2407 V
2229 2372 2265 2417 4,
2303 2371 2351 2405 16

256 2427 448 2486 ἁρπαγῆς
476 2431 627 2474 ἕνεκεν.
691 2432 740 2474 Οἱ
769 2432 814 2474 δὲ
846 2465 854 2472 .
882 2467 889 2473 .
917 2467 924 2474 .
956 2434 1062 2475 ΗεΙΙ.
1094 2435 1149 2475 VI
1178 2438 1215 2485 5,
1248 2437 1298 2474 43
1328 2429 1384 2476 ὧν
1412 2450 1454 2476 τε
1484 2434 1621 2475 ἕνεκεν
1649 2433 1836 2487 ἐγένοντο
1866 2430 2010 2485 ἄνδρες
2039 2429 2212 2484 ἀγαθοί.
2272 2431 2352 2472 Sed

255 2496 489 2548 saepissime
517 2497 636 2536 etiam
664 2501 756 2537 ante
784 2498 962 2538 vocalem
991 2497 1110 2538 ἕνεκα
1139 2499 1336 2549 scribitur,
1367 2499 1424 2539 ita
1451 2503 1494 2539 ut
1521 2498 1617 2539 certi
1644 2498 1857 2550 quidquam
1886 2497 2004 2538 statui
2031 2500 2214 2547 nequeat.

360 2560 436 2599 Pro
459 2558 595 2600 'verbo
629 2561 751 2600 κλείω
788 2563 905 2602 Iones
939 2566 1058 2612 atque
1095 2563 1336 2613 antiquiores
1373 2563 1582 2614 scriptores
1619 2561 1728 2613 κλῄω
1765 2562 1910 2601 dicunt.
1977 2561 2140 2600 Photius
2172 2562 2265 2609 168,
2304 2560 2350 2598 13

254 2622 354 2663 haec
380 2622 575 2675 prodidit:
607 2624 756 2676 κλῇσαι
784 2624 823 2664 οἱ
852 2622 1019 2678 ἀρχαῖοι
1046 2626 1211 2678 λέγουσι
1232 2622 1281 2666 οὗ
1303 2627 1480 2666 κλεῖσαι·
1513 2626 1581 2665 καὶ
1609 2625 1737 2677 κλῇὸα
1766 2621 1871 2665 οὕτω
1900 2624 1970 2664 καὶ
1999 2622 2038 2663 οἱ
2066 2623 2254 2675 τραγικοὶ
2282 2624 2353 2663 καὶ

258 2685 527 2740 Θουκυδίδης.
586 2687 738 2728 Tamen
775 2688 883 2741 apud
916 2689 1105 2740 tragicos,
1146 2688 1451 2741 Aristophanem
1485 2692 1710 2740 ceterosque
1738 2688 1887 2729 Atticos
1914 2691 2069 2728 veteres
2105 2686 2352 2739 promiscuus

254 2754 316 2789 est
341 2750 384 2789 in
418 2750 532 2790 codd.
565 2763 660 2791 usus
696 2751 910 2792 formarum
939 2754 1060 2805 κλείω
1097 2757 1138 2793 et
1173 2752 1303 2805 κλῄω,
1345 2754 1409 2793 vel
1438 2753 1617 2792 derivata
1642 2753 1692 2791 ab
1729 2753 1802 2791 hoc
1837 2752 1956 2791 verbo
1991 2752 2226 2803 plerumque
2261 2763 2354 2802 pro-

253 2813 405 2854 miscue
433 2817 473 2854 et
499 2826 572 2866 per
604 2817 646 2854 ἦ
675 2814 964 2867 diphthongum
992 2820 1031 2856 et
1057 2828 1129 2868 per
1155 2831 1179 2868 ῃ
1208 2817 1386 2857 exhibita
1413 2816 1670 2868 reperiuntur.
1729 2815 1807 2855 Sed
1844 2819 1948 2855 recte
1976 2815 2161 2855 videntur
2189 2814 2349 2864 fecisse,

254 2876 322 2926 qui
341 2876 470 2916 Photii
499 2881 538 2917 et
564 2882 804 2918 vetustorum
832 2880 1175 2929 grammaticorum
1194 2881 1465 2920 auctoritatem
1493 2879 1617 2918 secuti
1636 2879 1779 2929 ubique
1798 2878 1938 2918 Atticis
1956 2879 2158 2918 veteribus
2187 2878 2355 2918 formam

254 2950 327 2989 per
349 2946 377 2990 ῇ
409 2943 450 2979 et
484 2940 526 2979 in
553 2941 671 2981 verbo
708 2942 795 2993 ipso
824 2946 864 2982 et
889 2942 931 2981 in
959 2942 1147 2982 derivatis
1176 2943 1441 2983 restituerunt.
1499 2942 1565 2981 Sic
1591 2953 1694 2981 nunc
1721 2941 1865 2992 ubique
1898 2952 1970 2992 per
1997 2941 2173 2982 scenicos
2211 2941 2357 2993 legitur

254 3000 383 3053 κλῄω,
425 3009 467 3042 ut
503 3016 566 3055 ap.
599 3004 744 3045 Aesch.
776 3005 916 3058 Suppl.
949 3008 1025 3043 956
1061 3006 1326 3058 κεκλῃμένην.
1374 3006 1483 3045 Pers.
1516 3007 1591 3043 723
1629 3005 1790 3055 κλῇσαι.
1840 3017 1907 3055 ap.
1939 3005 2061 3055 Soph.
2093 3005 2141 3043 fr.
2175 3008 2251 3044 635
2289 3010 2355 3044 κέ-
