2769 3518
1296 210 1334 246 11

266 338 353 365 voc.
386 337 420 366 c.
454 327 571 365 6—8.
629 324 812 364 Eustath.
842 324 892 364 ΙΙ.
923 337 965 376 p.
997 325 1087 364 813.
1153 324 1401 375 Quamquam
1436 324 1477 363 in
1514 324 1750 364 exhibendis
1788 325 1849 364 his
1886 324 2013 380 literis
2050 337 2126 363 non
2161 324 2259 364 satis
2294 324 2370 363 sibi

266 392 447 435 conshnt
473 389 566 429 libri
594 387 873 440 Xenophontei
900 399 1011 437 mss„
1052 392 1186 428 tamen
1213 387 1322 426 haud
1349 387 1537 438 ambigue
1564 388 1811 439 propendent
1838 388 2024 428 meliores
2052 387 2104 426 ad
2133 387 2369 438 scripturam

265 465 337 504 per
363 455 429 503 ἦ,
475 453 532 493 ita
557 456 602 492 ut
628 463 698 492 eas
725 451 809 491 fere
838 452 945 491 solas
982 450 1210 491 exhibeant.
1268 450 1420 490 Idcirco
1456 450 1523 490 vix
1552 451 1714 490 dubium
1751 456 1880 503 potest
1915 464 2027 499 esse,
2067 451 2163 502 quin
2198 450 2369 490 editores

266 515 412 566 ubique
440 519 493 555 fr
522 515 709 557 exhibere
739 514 924 555 debeant.

371 579 445 619 His
472 578 683 632 explicatis
711 590 815 618 nunc
841 578 1141 631 progrediamur
1168 578 1221 618 ad
1249 578 1422 618 vocales.
1472 578 1517 617 In
1545 577 1780 618 exhibendis
1809 578 1946 618 formis
1976 575 2041 618 ἀεί
2069 583 2109 618 et
2136 577 2221 617 αἰεί
2247 578 2370 617 libro—

265 657 351 684 rum
384 656 479 685 mss.
510 644 594 684 fere
631 642 804 682 omnium
842 654 997 683 summa
1030 647 1092 683 est
1126 642 1405 683 inconstantia.
1464 640 1566 682 Αἰεί
1591 642 1767 682 Ionicam
1805 642 1967 682 formam
2003 656 2091 683 esse
2120 642 2370 693 grammatici

265 707 438 749 tradunt.
496 708 660 748 Veteres
696 709 829 747 autem
858 705 979 747 Attici
1006 706 1047 746 in
1075 706 1214 759 primis
1242 705 1521 758 Thucydides,
1562 710 1690 746 utrum
1726 706 1768 746 in
1806 705 1881 747 hac
1914 719 1955 747 re
1984 719 2117 747 eorum
2156 710 2369 747 consuetu-

267 771 399 811 dinem
436 770 561 811 secuti
598 769 698 819 sint,
748 774 791 808 ut
827 782 899 809 nos
933 770 1187 810 Marcellinus
1223 770 1374 809 docuit:
1428 766 1482 815 ὡς
1517 768 1590 808 ἐπὶ
1626 770 1825 809 πλεῖστον
1860 770 1903 809 δὲ
1939 775 2085 823 χρῆται
2124 775 2170 822 τῇ
2212 767 2369 822 ἀρχαίᾳ

262 830 431 874 Ἀτθίδι
472 857 525 863 -
562 829 664 873 ὅταν
699 831 774 886 τὴν
809 832 1046 886 δίφθογγον
1081 831 1156 886 τὴν
1191 837 1235 873 ‹ze—c
1272 829 1366 874 ἀντὶ
1403 837 1477 874 τοῦ
1513 836 1544 872 ἆ
1573 831 1713 886 γράφῃ
1744 833 1824 873 αἰεὶ
1863 834 2004 885 λέγων,
2045 847 2184 883 necne,
2226 835 2293 873 vix
2326 834 2366 873 in

267 897 550 939 dubitationem
587 895 720 936 vocari
755 900 899 948 potest.
959 896 1065 937 Satis
1100 897 1205 938 enim
1238 900 1372 938 notum
1409 901 1470 938 est
1502 909 1524 938 e
1553 896 1713 937 disertis
1748 897 1823 937 hac
1861 897 1910 937 de
1945 910 1986 937 re
2021 897 2365 949 grammaticorum

264 961 617 1002 vetustissimorum
654 960 889 1000 testimoniis
924 961 1074 1000 Atticos
1109 961 1360 1001 abhorruisse
1397 962 1448 1001 ab
1476 962 1556 1001 iota
1591 961 1842 1011 intervocali,
1887 962 1943 1000 ita
1981 966 2022 1000 ut
2057 958 2121 1000 ἀεί
2159 974 2228 1012 pro
2266 960 2361 1000 αἰεί.

266 1023 383 1064 κάειν
409 1036 480 1077 pro
508 1026 643 1064 καίειν
670 1024 841 1064 scribere
868 1024 1125 1076 praeferrent,
1158 1025 1222 1064 vel
1250 1024 1483 1077 saepissime
1503 1022 1692 1078 ἐπόησαν
1720 1038 1790 1077 pro
1813 1023 2029 1077 ἐποίησαν.
2080 1026 2164 1064 Huc
2192 1025 2361 1065 accedit.

264 1088 370 1139 quod
397 1100 485 1128 eam
514 1087 680 1128 formam
707 1087 891 1127 meliores
910 1087 1158 1140 Thucydidis
1185 1087 1275 1128 libri
1302 1100 1398 1128 mss.
1420 1089 1540 1139 vulgo
1568 1092 1738 1128 tuentur.
1784 1088 1902 1140 Apud
1921 1088 2217 1140 Xenophontem
2247 1089 2366 1139 longe

264 1152 471 1203 praevalet
496 1151 539 1190 in
577 1151 689 1190 libris
718 1147 802 1199 ἄείς
844 1151 915 1190 sed
942 1155 1094 1190 tantum
1122 1151 1254 1201 abest,
1296 1155 1340 1190 ut
1376 1151 1466 1191 libri
1495 1163 1592 1191 mss.
1624 1152 1845 1202 spreverint
1872 1152 2044 1191 Ionicam
2080 1152 2261 1201 formam,
2304 1156 2360 1200 ut,

265 1227 341 1265 quo
369 1214 553 1254 meliores
580 1213 695 1254 codd.
719 1204 822 1264 sunt,
855 1226 902 1253 eo
923 1213 1099 1254 crebrius
1127 1226 1216 1254 eam
1244 1213 1511 1266 suppeditent.
1561 1215 1712 1254 Tamen
1739 1214 1780 1253 in
1808 1214 1984 1254 Anabasi
2012 1220 2167 1266 praeter
2192 1215 2232 1254 Π
2252 1217 2288 1263 3,
2318 1217 2364 1253 13

265 1277 332 1317 vix
360 1289 461 1318 unus
497 1277 609 1317 locus
637 1280 766 1328 extat,
808 1289 884 1328 quo
911 1277 1095 1317 meliores
1132 1276 1224 1317 libri
1251 1289 1388 1317 omnes
1417 1275 1501 1317 αἰεί
1532 1277 1719 1318 habeant.
1777 1276 1865 1325 Qua
1892 1277 1942 1318 de
1971 1290 2091 1318 causa
2126 1291 2204 1318 non
2231 1277 2360 1327 video,

265 1341 360 1393 quid
388 1341 527 1391 obstet,
565 1340 773 1391 quominus
800 1340 1053 1393 Xenophonti
1079 1340 1250 1381 Atticam
1279 1340 1444 1381 formam
1473 1337 1539 1381 ἀεί
1565 1341 1711 1392 ubique
1739 1341 2005 1381 restituamus.

372 1406 457 1451 Iam
494 1405 587 1445 licet
614 1405 839 1456 transgredi
868 1405 921 1445 ad
948 1404 1059 1445 verbi
1086 1405 1201 1444 θέλω
1231 1409 1271 1445 et
1299 1404 1435 1444 ἐθέλω
1464 1417 1591 1454 usum,
1631 1418 1735 1457 quae
1764 1406 1911 1446 formae
1939 1406 2045 1458 apud
2073 1406 2239 1458 optimos
2268 1405 2367 1445 scri-

265 1472 398 1522 ptores
433 1464 655 1522 promiscue
688 1467 925 1509 adhibentur
951 1480 976 1508 a
1003 1468 1194 1517 librariis,
1237 1468 1403 1508 formam
1437 1469 1685 1522 trisyllabam
1714 1473 1843 1510 autem
1872 1469 2111 1520 antiquiores
2133 1468 2278 1520 magis
2306 1468 2367 1508 vi-

266 1534 409 1573 dentur
448 1533 702 1584 praetulisse.
767 1533 833 1572 Sic
873 1533 981 1583 apud
1022 1533 1235 1572 Homerum
1276 1538 1510 1583 veteresque
1551 1534 1685 1584 epicos
1728 1533 1861 1572 ἐθέλω
1903 1534 1985 1573 fere
2028 1535 2154 1573 solum
2195 1534 2359 1580 obtinet,

264 1596 494 1648 formaeque
529 1596 644 1637 θέλω
681 1596 864 1649 exempla
893 1595 1041 1637 dudum
1070 1609 1119 1637 ex
1154 1596 1395 1637 editionibus
1423 1597 1708 1639 recentioribus
1738 1598 1892 1638 sublata
1919 1602 2022 1638 sunt.
2080 1598 2187 1638 Inter
2214 1596 2365 1637 Atticos

264 1660 372 1712 apud
400 1660 674 1712 Thucydidem
703 1660 860 1711 quidem
896 1661 1101 1712 praevalet
1137 1661 1179 1700 in
1210 1661 1323 1701 libris
1357 1673 1453 1700 usus
1490 1661 1640 1701 formae
1670 1661 1822 1710 ἐθέλω,
1864 1667 1906 1701 ut
1934 1662 1952 1700 Ι
1982 1663 2045 1712 28,
2078 1664 2123 1710 23
2166 1662 2185 1700 I
2214 1664 2278 1711 65,
2317 1664 2359 1699 1:

265 1723 305 1763 ΙΙ
334 1725 476 1774 64,1;
523 1724 563 1763 11
600 1725 663 1774 89,
698 1725 742 1772 83
788 1724 848 1765 ΠΙ
883 1724 944 1773 38,
979 1727 1023 1772 4;
1069 1724 1125 1764 IV
1156 1725 1217 1774 13,
1251 1725 1295 1772 33
1341 1724 1397 1764 IV
1428 1726 1487 1770 10,
1526 1727 1594 1774 153
1640 1725 1694 1764 IV
1724 1727 1785 1774 22,
1820 1727 1862 1774 2;
1909 1725 1942 1764 V
1973 1726 2035 1773 82,
2071 1726 2116 1773 33
2161 1725 2196 1764 V
2225 1725 2288 1774 84,
2322 1726 2359 1772 3,

265 1791 544 1838 praeterquam
572 1787 706 1826 multis
738 1788 835 1827 locis
864 1787 1060 1827 scribitur.
1118 1788 1334 1827 Rarissime
1371 1800 1441 1838 pro
1470 1787 1633 1828 ἐθέλειν
1662 1789 1802 1828 θέλειν
1828 1790 1871 1828 in
1898 1789 2010 1827 libris
2039 1793 2159 1828 extat.
2217 1788 2365 1828 Omnes

265 1863 358 1891 vero
386 1850 500 1891 codd.
533 1850 576 1890 in
605 1850 797 1902 scriptura
825 1850 969 1890 θέλειν
996 1850 1179 1891 videntur
1206 1850 1431 1902 conspirare
1459 1855 1549 1902 post
1575 1852 1730 1902 longam
1751 1852 1926 1891 vocalem
1955 1853 1986 1903 ἧ
2009 1851 2051 1890 in
2079 1849 2133 1903 μή
2163 1851 2203 1890 Π
2225 1853 2288 1897 51,
2314 1852 2360 1891 3:

265 1914 298 1952 V
328 1915 391 1964 35,
425 1915 472 1958 2;
513 1914 548 1952 V
578 1915 641 1963 72,
677 1916 692 1951 1
736 1913 847 1953 alibi.
906 1913 986 1953 Sed
1020 1925 1071 1953 ne
1099 1913 1139 1953 in
1176 1913 1251 1953 hoc
1277 1914 1437 1965 quidem
1465 1926 1539 1953 usu
1568 1915 1642 1954 sibi
1680 1919 1877 1962 constant,
1917 1927 2007 1953 nam
2036 1915 2055 1952 I
2085 1916 2148 1957 27,
2184 1916 2199 1951 1
2243 1913 2363 1952 etiam

265 1982 356 2029 post
391 1975 446 2030 μή
476 1977 516 2017 in
544 1977 727 2017 omnibus
763 1977 878 2017 bonis
912 1977 1027 2017 codd.
1059 1978 1207 2029 legitur
1235 1977 1412 2026 ἐθέλειν,
1454 1982 1589 2018 contra
1616 1979 1670 2018 VI
1699 1980 1768 2026 34,
1802 1982 1822 2016 4
1862 1979 2005 2018 θέλειν
2041 1983 2131 2029 post
2158 1977 2194 2016 εἰ
2221 1982 2261 2016 et
2290 1977 2363 2015 VII

267 2043 329 2092 18,
363 2043 385 2081 3
415 2045 505 2093 post
532 2040 672 2090 ὃίκας;
704 2041 771 2092 qui
799 2041 872 2081 loci
904 2042 1078 2093 suspecti
1104 2042 1288 2082 videntur
1315 2054 1417 2082 esse.

369 2104 516 2145 Contra
551 2105 773 2157 promiscue
810 2106 1003 2146 ambabus
1040 2105 1174 2146 formis
1212 2110 1374 2146 utuntur
1410 2105 1554 2147 scenici
1592 2111 1709 2157 atque
1737 2110 1923 2146 oratores.
1980 2106 2110 2150 Etiam
2140 2105 2362 2157 Xenophon

264 2173 469 2220 utramque
497 2168 661 2214 formam
690 2169 848 2209 videtur
866 2170 1089 2220 admisisse,
1123 2169 1194 2211 sed
1221 2171 1436 2210 notandum
1456 2174 1517 2210 est
1535 2170 1643 2222 apud
1672 2182 1760 2210 eum
1789 2171 1905 2221 longe
1933 2170 2163 2222 praevalere
2182 2169 2224 2209 in
2250 2169 2363 2209 libris

263 2232 377 2272 bonis
404 2232 569 2272 formam
599 2231 746 2281 ἐθέλω,
789 2234 847 2272 uti
875 2247 924 2273 ex
953 2234 1028 2273 hac
1055 2234 1156 2273 serie
1185 2247 1234 2273 ex
1262 2234 1439 2273 Anabasi
1467 2246 1636 2273 excussa
1664 2235 1887 2285 apparebit:
1928 2234 2053 2272 Anab.
2087 2235 2106 2272 I
2134 2235 2172 2280 3,
2206 2236 2228 2272 8
2267 2229 2288 2270 ὁ
2319 2229 2358 2270 δ’

263 2294 372 2336 ἰέναι
398 2295 476 2347 μὲν
504 2292 577 2337 οὒκ
610 2292 751 2350 ἤθελε.
809 2297 828 2336 Ι
857 2299 893 2347 3,
930 2300 976 2337 10
1015 2293 1087 2338 οὐκ
1117 2296 1253 2337 ἐθέλω
1294 2296 1450 2338 ἐλθεῖν.
1508 2298 1527 2337 Ι
1555 2299 1592 2347 9,
1629 2300 1675 2336 14
1713 2296 1783 2344 οὓς
1821 2296 1925 2349 ἑώρα
1961 2296 2187 2343 ἐθέλοντας
2223 2296 2363 2336 κινδυ-

261 2358 411 2400 νεύειν.
469 2360 489 2400 Ι
517 2362 554 2411 9,
591 2363 637 2400 15
667 2364 749 2400 τῶν
778 2359 1026 2402 ἐθελόντων.
1084 2362 1123 2401 Π
1152 2363 1190 2411 6,
1223 2364 1247 2401 6
1276 2357 1427 2414 ἡδονὴν
1457 2358 1581 2414 ἤθελε
1610 2361 1818 2401 δαπανᾶν.
1872 2361 1910 2400 II
1939 2363 1974 2410 6,
2013 2364 2054 2399 11
2089 2359 2135 2400 ἐν
2162 2367 2249 2406 τοῖς
2278 2360 2362 2400 δει-

261 2431 350 2470 νοῖς
378 2421 536 2477 ἤθελον
564 2420 693 2463 αὐτοῦ
721 2420 900 2463 ἀκούειν.
959 2425 998 2464 Π
1027 2428 1063 2475 6,
1101 2428 1147 2463 15
1178 2422 1388 2477 ἄρχεσθαι
1417 2421 1465 2464 οὗ
1493 2423 1606 2475 μάλα
1635 2424 1798 2463 ἐθέλειν
1826 2424 1999 2475 ἐλέγετο.
2058 2424 2117 2462 III
2146 2426 2181 2472 2,
2221 2426 2267 2462 16
2298 2420 2364 2462 ὅτι

262 2489 439 2527 θέλουσι
465 2486 520 2539 μὴ
550 2484 752 2536 δέχεσθαι
779 2484 900 2537 ὑμᾶς.
958 2489 1017 2527 III
1046 2490 1083 2537 2,
1122 2491 1166 2526 17
1197 2489 1293 2534 τοὺς
1322 2489 1366 2528 δὲ
1396 2488 1635 2534 ἐθέλοντας.
1685 2489 1743 2526 ΠΙ
1771 2490 1807 2534 2,
1846 2491 1891 2526 19
1921 2484 2019 2525 ὅτου
2048 2484 2099 2526 ἂν
2129 2487 2357 2536 ἐθέλωμεν.

261 2551 316 2591 IV
347 2554 381 2601 1,
416 2552 439 2591 8
475 2549 515 2591 εἴ
549 2564 641 2598 πως
678 2548 938 2604 ἐθελήσειαν.
997 2551 1052 2591 IV
1083 2554 1117 2603 1,
1152 2553 1201 2592 26
1245 2548 1358 2600 ὅστις
1396 2549 1498 2606 ἀνὴρ
1536 2548 1698 2604 ἀγαθὸς
1736 2549 1874 2591 ἐθέλει
1911 2553 2124 2603 γενέσθαι.
2184 2551 2239 2591 IV
2267 2554 2304 2601 4,
2339 2554 2362 2590 5

266 2612 433 2669 ἠρώτων
450 2618 500 2654 ’τί
526 2615 658 2654 θέλει.
716 2615 772 2654 IV
800 2617 837 2664 6,
874 2617 919 2654 18
961 2611 1056 2655 οὐδὲ
1085 2614 1163 2668 γὰρ
1191 2619 1267 2656 νῦν
1295 2615 1501 2656 ἐθέλουσι.
1562 2616 1593 2654 V
1624 2618 1660 2665 6,
1695 2618 1742 2654 20
1772 2613 1845 2654 τὸν
1871 2614 1948 2664 μὲν
1977 2613 2181 2654 ἐθέλοντα
2208 2638 2261 2642 -
2290 2612 2364 2654 τὸν

261 2679 306 2719 δὲ
343 2679 561 2720 ἐθέλοντα.
619 2679 654 2718 V
684 2682 719 2728 7,
753 2681 800 2717 27
846 2675 882 2728 ὅ,
925 2695 963 2719 τι
992 2676 1044 2719 ἂν
1073 2678 1213 2732 ἐθέλῃ.
1272 2682 1306 2720 V
1335 2684 1370 2728 7,
1404 2683 1452 2721 28
1495 2681 1564 2720 καὶ
1601 2678 1725 2730 ἐθέλῃ
1754 2680 1898 2730 λέγειν.
1957 2679 2054 2719 ibid.
2087 2678 2137 2719 ὃν
2165 2675 2217 2718 ἂν
2247 2675 2363 2729 ὑμῶν

262 2742 400 2795 ἐθέλῃ.
452 2743 507 2782 VI
535 2746 572 2792 4,
606 2745 656 2782 36
686 2739 759 2783 οὐκ
789 2741 941 2782 ἐθέλει.
1000 2743 1075 2782 VH
1103 2745 1141 2791 3,
1174 2745 1218 2783 31
1260 2740 1311 2784 ἂν
1339 2743 1378 2783 οἱ
1406 2744 1502 2783 θεοὶ
1529 2736 1700 2782 θέλωσι.
1750 2743 1825 2781 VII
1855 2744 1889 2791 3,
1925 2744 1975 2782 43
2005 2741 2079 2782 ἐὰν
2107 2740 2210 2789 θεὸς
2239 2744 2360 2795 θέλῃ.

260 2806 411 2847 Eadem
439 2807 580 2846 harum
608 2806 820 2846 formarum
848 2806 1014 2849 variatio
1040 2806 1082 2846 in
1109 2807 1272 2858 reliquis
1300 2807 1454 2859 scriptis
1482 2807 1599 2846 valet.
1659 2806 1724 2846 Sic
1752 2806 1816 2845 vel
1845 2806 1952 2858 apud
1979 2806 2026 2845 L.
2058 2806 2257 2857 Dindorf.,
2295 2807 2365 2858 qui

260 2869 408 2909 formas
435 2882 461 2909 a
488 2870 633 2909 θέλειν
667 2870 867 2909 derivatas
895 2870 1098 2921 expulisse
1132 2871 1230 2910 mihi
1258 2871 1425 2919 videtur,
1464 2862 1608 2921 Cyrop.
1640 2870 1694 2908 IV
1723 2873 1759 2917 5,
1794 2871 1844 2907 29
1880 2869 2056 2920 reperies
2095 2866 2145 2908 οὗ
2179 2869 2254 2910 τὸν
2288 2873 2366 2910 θέ-

264 2933 402 2988 λοντα,
437 2929 542 2973 ἀλλὰ
570 2931 734 2980 πάντας
762 2929 990 2980 ἀποκαλεῖς
1018 2938 1058 2974 et
1085 2934 1141 2974 sic
1161 2934 1358 2984 alioquim
1392 2938 1526 2973 contra
1553 2933 1608 2973 IV
1631 2936 1665 2982 1,
1693 2934 1739 2971 19
1768 2932 1864 2979 τοὺς
1894 2931 2135 2980 ἐθέλοντας.
2177 2934 2231 2973 IV
2255 2938 2290 2983 1,
2317 2937 2359 2973 21

259 2992 404 3035 ὅντινα
434 2995 609 3044 ἐθέλεις.
650 2998 705 3037 IV
738 3000 769 3045 1,
804 2999 853 3036 23
883 2997 973 3049 λέγε
1002 2996 1077 3038 τὸν
1104 2996 1307 3038 ἐθέλοντα
1337 2996 1456 3037 ἰέναι.
1498 2997 1552 3037 VI
1581 2999 1617 3046 4,
1651 2999 1696 3034 14
1726 2992 1818 3047 μετ’
1852 2994 2103 3047 ἐθελόντων,
2144 2998 2217 3038 sed
2245 2998 2362 3038 Mem.

2070 3071 2111 3103 2*
