2769 3518
1315 190 1339 227 9

282 311 447 359 usurpat
483 310 523 345 et
557 316 645 345 cum
683 317 730 345 eo
765 305 933 345 fortasse
962 310 1117 346 veteres
1144 305 1266 345 Attici
1299 305 1475 356 amplexi
1514 309 1627 353 sunt,
1667 305 1725 344 uti
1752 304 1878 344 Thuc.
1909 304 1970 344 III
1999 307 2061 355 37,
2095 308 2141 355 3;
2180 306 2235 347 IV
2263 307 2299 357 9,
2337 309 2374 346 1:

282 373 336 412 VI
368 373 428 419 18,
461 373 508 416 73
550 370 605 408 VI
633 371 704 417 21,
742 372 782 416 l;
827 369 880 408 VI
908 371 978 418 31,
1012 371 1058 416 2;
1098 369 1174 408 VII
1202 371 1265 417 77,
1300 371 1337 406 2.
1406 369 1526 408 Recte
1563 369 1638 408 hoc
1672 373 1805 408 monet
1838 369 1971 420 Poppo
2008 370 2036 408 l.
2069 382 2102 408 c.
2161 371 2212 409 At
2245 376 2378 410 tamen

281 433 517 475 monendum
553 436 614 472 est
648 431 922 483 Thucydidem
959 433 1149 473 adverbio
1185 430 1357 485 φαύλως
1391 433 1631 472 abstinuisse
1667 438 1707 472 et
1739 430 1942 485 φλαύρως
1979 433 2059 481 uti,
2105 434 2210 483 quod
2243 447 2378 474 omnes

281 496 612 550 praestantissimi
640 495 754 535 codd.
787 496 807 534 Ι
838 498 926 546 126,
960 500 982 535 5
1021 496 1210 536 exhibent
1281 497 1384 535 Raro
1420 496 1539 535 etiam
1576 495 1807 535 femininum
1841 496 1883 535 in
1920 496 2082 548 φαῦλος
2110 497 2209 544 exit,
2251 502 2294 536 ut
2320 503 2381 536 est

279 574 342 612 ap.
366 560 459 599 Eur.
490 559 611 610 Hipp.
637 560 712 597 435
740 562 816 598 νῦν
844 555 882 597 δ’
916 557 1139 609 ἐννοοῦμαι
1166 559 1328 612 φαῦλος
1358 552 1462 598 οὖσα
1489 559 1608 598 alias.
1649 559 1770 599 Extat
1797 559 1870 598 hoc
1898 559 2129 599 femininum
2159 561 2282 599 semel
2310 573 2377 611 ap.

281 625 405 663 Thuc.
439 623 494 661 VI
523 624 587 671 21,
624 626 656 660 1.
716 622 969 661 Manifestum
1004 627 1067 661 est
1099 623 1221 673 igitur
1247 623 1335 661 falli
1364 622 1505 661 Thom.
1536 622 1660 672 Mag.,
1701 623 1761 661 cui
1796 623 1924 672 magis
1952 624 2153 674 probatur,
2193 628 2236 662 ut
2263 624 2380 661 etiam

279 685 501 725 nominibus
529 685 687 733 generis
706 674 883 723 feminini
908 685 1079 724 addatur
1105 686 1327 724 terminatio
1357 685 1577 723 masculini.
1629 685 1735 723 Dicit
1763 686 1868 723 enim
1896 686 2084 738 »φαῦλος
2104 685 2176 724 ἐπὶ
2196 686 2383 738 θηλυκοῦ

280 747 449 787 κάλλιον
476 743 500 799 ἢ
529 746 706 800 φαίληα.
765 748 882 798 Apud
910 748 1212 799 Xenophontem
1242 749 1403 800 φαῦλος
1431 748 1556 787 habes
1583 748 1712 786 Anab.
1744 748 1799 786 VI
1828 751 1864 795 6,
1893 752 1960 796 11,
1992 749 2136 800 Cyrop.
2161 750 2215 788 IV
2248 752 2281 795 1,
2309 752 2376 786 10:

281 812 334 850 VI
364 814 407 860 2,
441 813 513 859 20,
552 811 657 850 Η811.
691 811 725 850 V
754 813 791 860 3,
825 813 870 859 8,
913 811 979 860 VI,
1013 813 1050 861 2,
1084 813 1154 859 22;
1197 811 1316 850 Mem.
1346 811 1367 849 Ι
1395 813 1431 860 6,
1467 813 1511 857 2,
1553 810 1613 849 ΠΙ
1645 813 1706 859 11,
1743 812 1811 858 13,
1854 812 1908 850 ΠΤ
1942 816 1975 861 1,
2010 814 2050 859 3,
2089 813 2128 850 II
2158 813 2297 861 3,17,
2343 811 2382 849 ΙΙ

281 876 317 924 6,
345 876 414 923 15;
448 873 586 926 Symp.
609 874 664 914 IV
693 877 764 922 40;
801 874 856 914 IV
884 875 956 923 48;
999 874 1108 914 Hier.
1139 875 1159 914 I
1187 876 1250 914 27.
1310 874 1421 915 Unus
1450 878 1602 914 tantum
1630 874 1742 914 locus
1771 878 1891 925 extat,
1925 874 1992 915 ubi
2021 875 2209 927 φλαῦρος
2237 875 2382 926 legitur

281 939 424 988 Cyrop.
448 938 544 975 VIII
573 941 609 986 2,
638 940 700 975 12.
757 938 809 975 At
836 949 909 988 ego
937 950 1016 976 non
1044 938 1173 986 video,
1205 938 1300 988 quid
1327 938 1469 987 obstet,
1506 937 1715 988 quominus
1743 937 1814 976 hoc
1842 937 2029 991 φλαῦρος
2058 939 2315 978 emendemus
2342 938 2383 977 in

280 1000 440 1052 φαῦλος
469 1001 606 1040 moniti
635 1002 748 1052 copia
781 1002 976 1050 locorum,
1019 1003 1086 1051 qui
1113 1003 1154 1040 in
1181 1003 1257 1040 hac
1285 1003 1412 1040 forma
1440 1002 1678 1052 conspirant.
1738 1002 1950 1051 Adverbio,
1992 1004 2098 1051 quod
2126 1008 2187 1041 est
2214 1004 2255 1040 in
2284 1003 2377 1041 Oec.

280 1063 380 1103 XIII
408 1067 446 1103 4.
505 1063 730 1115 Xenophon
759 1064 879 1104 utitur
912 1061 1097 1117 φαύλως.

384 1127 581 1177 Sequitur,
615 1132 658 1166 ut
685 1139 734 1166 ea
754 1128 947 1166 vocabula
973 1131 1199 1177 tractemus,
1231 1128 1273 1167 in
1300 1128 1445 1178 quibus
1473 1128 1611 1168 literae
1631 1130 1684 1177 ὦ
1704 1129 1938 1179 conjunctae
1965 1129 2231 1176 inveniuntur,
2264 1130 2381 1178 quale

278 1194 340 1235 est
366 1189 544 1241 θάρσος.
602 1191 648 1229 111
676 1191 837 1230 Homeri
866 1190 987 1236 codd„
1012 1190 1095 1230 fere
1124 1192 1249 1230 solum
1278 1191 1428 1230 obtinet
1456 1190 1632 1243 θάρσος,
1674 1195 1833 1244 θαρσιῖ,
1877 1190 2092 1244 θαρσύνω,
2126 1193 2377 1244 θαρσαλέος,

277 1266 379 1302 quae
408 1254 558 1293 formae
595 1255 777 1305 propriae
812 1259 903 1293 sunt
930 1254 1091 1293 dialecti
1119 1255 1278 1294 Ionicae
1307 1260 1346 1294 et
1373 1255 1555 1294 Doricae.
1615 1256 1734 1306 Apud
1771 1256 1943 1305 tragicos
1971 1261 2011 1295 et
2039 1256 2313 1307 Thucydidem
2341 1258 2382 1295 in

279 1316 390 1355 codd.
434 1329 521 1356 cum
560 1317 676 1367 longe
713 1318 971 1368 praevaleant
1007 1317 1102 1356 illae
1139 1317 1289 1357 formae
1332 1316 1495 1370 θάρσος
1530 1317 1733 1370 θαρσύνω
1763 1324 1855 1367 etc.,
1902 1323 1985 1358 tum
2022 1319 2219 1359 interdum
2261 1321 2381 1359 etiam

277 1380 441 1419 alterius
476 1380 713 1431 scripturae,
760 1381 862 1430 quae
896 1385 958 1420 est
991 1393 1062 1432 per
1097 1381 1244 1432 duplex
1277 1385 1320 1433 ρ,
1360 1382 1543 1433 exempla
1579 1386 1735 1432 extant,
1782 1386 1824 1420 ut
1861 1382 1982 1433 Soph.
2015 1381 2112 1421 Oed.
2147 1383 2241 1433 Tyr.
2279 1385 2378 1421 1062

277 1442 453 1496 θάῤῥει,
487 1443 586 1483 Oed.
619 1444 705 1484 Col.
737 1445 806 1482 491
843 1443 1030 1496 θαῤῥῶν.
1089 1444 1170 1484 Sed
1198 1445 1429 1496 scripturam
1458 1458 1528 1496 per
1555 1448 1608 1496 (Τᾶ
1635 1446 1827 1497 praebent
1854 1445 1997 1484 Aesch.
2030 1445 2178 1496 Coeph.
2212 1448 2257 1484 91
2300 1451 2381 1486 τῶν

278 1504 318 1546 δ’
353 1503 402 1547 οὐ
429 1505 607 1559 πάρεστι
633 1505 813 1558 θάρσος,
855 1507 995 1559 Suppl.
1030 1510 1124 1551 732:
1164 1509 1272 1548 Pers.
1299 1510 1395 1556 212,
1437 1508 1546 1560 Sept.
1570 1510 1667 1556 270,
1708 1507 1905 1547 Prometh.
1931 1510 2029 1547 536:
2064 1508 2185 1560 Soph.
2215 1509 2277 1548 El.
2304 1512 2378 1548 173

277 1569 432 1623 θάρσει
467 1585 559 1620 μοι,
601 1569 767 1623 θάρσει,
809 1574 974 1620 τέκνον,
1014 1571 1110 1611 ibid.
1144 1574 1241 1617 412;
1283 1574 1382 1620 916,
1423 1572 1515 1611 Ant.
1548 1574 1643 1620 668,
1685 1572 1784 1612 Oed.
1817 1572 1901 1611 Col.
1936 1573 2006 1618 48,
2048 1572 2142 1611 Ε111.
2174 1573 2293 1613 Rhes.
2327 1576 2376 1612 35

278 1632 329 1672 τὰ
357 1634 401 1673 δὲ
429 1633 677 1686 θαρσύνεις,
718 1629 839 1673 Andr.
873 1637 972 1680 993,
1017 1636 1103 1674 Α18.
1136 1637 1226 1674 319.
1285 1635 1403 1686 Apud
1431 1635 1706 1687 Thucydidem
1734 1636 1784 1674 ab
1813 1635 1971 1687 optimis
1999 1636 2111 1674 libris
2140 1649 2234 1676 mss.
2267 1640 2378 1690 θαρ-

278 1705 367 1738 σεῖν
393 1699 562 1738 traditur
590 1699 609 1737 Ι
638 1701 699 1747 36,
738 1702 778 1745 1,
812 1699 831 1736 Ι
859 1701 923 1745 81,
960 1703 1000 1740 1:
1035 1700 1166 1748 1113,
1200 1701 1245 1746 3,
1285 1700 1325 1737 ΙΙ
1354 1703 1417 1747 65,
1451 1702 1494 1746 6,
1538 1700 1577 1737 II
1606 1702 1668 1747 79,
1703 1704 1747 1745 4,
1788 1700 1848 1737 ΙΙΙ
1876 1701 1940 1747 25,
1974 1702 2017 1744 3,
2060 1700 2120 1737 ΙΙΙ
2150 1702 2213 1748 82,
2248 1704 2290 1746 7,
2323 1702 2376 1739 IV

281 1764 421 1810 11,1;
469 1761 524 1801 IV
554 1763 617 1811 25,
652 1764 695 1809 6;
744 1762 799 1801 IV
827 1763 969 1812 34,1;
1020 1762 1074 1802 ΠΤ
1103 1765 1244 1811 74,1,
1292 1762 1348 1802 ΠΤ
1377 1763 1440 1811 86,
1475 1763 1521 1809 2,
1559 1762 1634 1801 VII
1663 1763 1805 1809 37,1;
1846 1761 1920 1800 VH
1953 1763 2212 1810 49,1;V11
2240 1765 2302 1811 81,
2337 1766 2373 1801 2.

276 1821 525 1876 θαρσύνεινῑ
574 1824 614 1862 II
643 1827 705 1873 59,
741 1826 783 1870 23
825 1824 879 1863 IV
913 1827 999 1874 115,
1037 1828 1078 1873 1,
1111 1825 1166 1864 ΠΤ
1198 1826 1285 1874 126,
1320 1826 1359 1872 3,
1398 1825 1432 1864 V
1461 1827 1497 1873 4,
1532 1828 1570 1863 5.
1629 1825 1887 1877 θαρσαλέος;
1940 1825 1978 1863 II
2009 1826 2044 1874 3,
2079 1827 2121 1873 3,
2162 1826 2201 1863 II
2234 1828 2292 1875 11,
2328 1829 2372 1866 3:

276 1888 314 1927 11
343 1891 406 1939 51,
440 1891 482 1937 4,
516 1888 575 1927 ΠΙ
604 1890 668 1937 93,
703 1890 739 1927 2.
799 1886 981 1940 θάρσος;
1017 1888 1055 1927 Π
1084 1890 1147 1939 92,
1186 1892 1220 1926 1.
1283 1891 1516 1941 Τυρσηνία;
1559 1889 1614 1928 VI
1643 1890 1705 1937 88,
1741 1891 1784 1936 7,
1819 1889 1873 1928 VI
1906 1890 1992 1937 103,
2027 1891 2063 1927 2.
2127 1888 2377 1942 Τυρσηνικὸς

276 1950 455 1997 πόντος;
504 1953 580 1991 VH
616 1953 687 1999 58,
721 1954 765 1999 2;
813 1953 867 1990 IV
905 1955 976 2001 24,
1010 1954 1045 1989 2.
1123 1954 1348 2004 Τυρσηνοίι
1403 1953 1458 1990 ΠΤ
1500 1955 1595 2001 109,
1629 1955 1671 1998 3,
1718 1953 1793 1990 VII
1831 1954 1902 1999 53,
1949 1955 1989 1992 1:
2036 1952 2110 1990 VII
2146 1956 2180 2000 5,
2215 1956 2256 1997 4,
2304 1953 2376 1990 VII

277 2017 340 2064 57,
368 2018 428 2055 10.
489 2013 533 2054 ἐν
561 2023 648 2061 τοῖς
677 2011 842 2066 ἄρσεσιε
885 2016 924 2054 ΙΙ
952 2019 1015 2064 45,
1046 2017 1083 2054 2.
1151 2015 1408 2054 Grammatici
1434 2015 1536 2055 inter
1563 2028 1607 2055 88
1634 2015 1882 2055 dissentiunt.
1935 2015 2075 2064 Usum,
2119 2029 2233 2065 quem
2269 2010 2376 2066 apud

276 2078 549 2129 Thucydidem
583 2078 753 2127 invenit,
796 2082 981 2130 spectans
1017 2078 1181 2128 Gregor.
1215 2078 1302 2117 Cor.
1344 2090 1383 2128 p.
1420 2080 1493 2117 153
1533 2078 1676 2117 tradit:
1727 2082 1780 2129 τιῖ
1825 2081 1856 2117 ὅ
1890 2074 1981 2117 ἀντὶ
2021 2082 2095 2117 τοῦ
2135 2080 2157 2129 ρ
2197 2082 2376 2130 χρῶνται

282 2140 333 2190 (οἱ
367 2137 557 2191 Ἀττικοὶ)
600 2140 645 2179 τὸ
683 2140 926 2192 θαῤῥαλέον
961 2141 1204 2193 θαρσαλέον
1239 2141 1428 2192 λέγοντες
1463 2142 1533 2179 καὶ
1567 2140 1613 2180 τὸ
1651 2137 1776 2193 ἄρ’ῥεν
1814 2138 1939 2192 ἄρσεν
1975 2142 2043 2179 καὶ
2081 2140 2125 2179 τὸ
2165 2140 2375 2194 Τυῤῥηνὸς

280 2203 504 2257 Τυρσηνός.
569 2204 817 2245 Contrarium
851 2210 982 2244 autem
1016 2205 1186 2256 produnt
1213 2205 1356 2244 Moeris
1390 2205 1471 2244 Att.
1513 2217 1601 2244 cum
1630 2204 1756 2244 dicat:
1810 2204 1974 2256 Θάῤῥος
2003 2201 2166 2243 Ἀττικᾶ
2171 2218 2213 2250 ς·
2265 2204 2375 2256 θάρ-

276 2280 348 2313 σος
379 2263 637 2321 Ἑλληνικῶς,
684 2272 723 2307 et
759 2267 901 2307 Thom.
933 2268 1038 2319 Mag.
1078 2281 1116 2320 p.
1150 2269 1247 2307 434:
1301 2267 1452 2320 Θαῤῥιῦ
1491 2264 1686 2316 Ἀττικοὶ,
1738 2264 1787 2307 ού
1825 2270 1972 2319 θαρσῶ
2012 2268 2080 2306 καὶ
2121 2266 2283 2319 θάῤῥος
2326 2266 2375 2308 οὐ

274 2330 438 2384 θάρσος
474 2332 545 2371 καὶ
578 2330 779 2384 θαῤῥύνω
817 2328 866 2371 οὐ
907 2330 1122 2384 θαρσύνω.
1180 2332 1232 2371 Et
1268 2345 1340 2371 suo
1375 2332 1461 2372 iure
1496 2332 1570 2371 hoc
1603 2332 1789 2383 produnt;
1837 2337 2014 2383 spectare
2051 2332 2155 2370 enim
2192 2332 2374 2371 videntur

275 2395 442 2435 seriores
476 2395 626 2435 Atticos
663 2395 890 2447 scriptores,
931 2395 1035 2435 inter
1066 2407 1164 2446 quos
1201 2400 1292 2434 sunt
1328 2396 1442 2435 Plato
1477 2401 1518 2435 et
1554 2395 1786 2446 Xenophon.
1846 2395 1964 2445 Apud
1998 2395 2203 2434 Platonem
2237 2396 2372 2434 nullus

274 2457 356 2498 fere
383 2470 480 2498 usus
508 2462 569 2498 est
596 2458 809 2498 formarum
838 2456 1012 2511 θάρσος,
1053 2460 1215 2511 θαρσῶ,
1257 2456 1458 2511 θαρσύνω
1487 2463 1563 2500 etc.
1623 2458 1703 2498 Cfr.
1732 2458 1831 2497 Plat.
1865 2458 1944 2509 leg.
1976 2458 1994 2497 I
2023 2470 2063 2509 p.
2088 2459 2162 2496 647
2192 2458 2224 2497 Β
2261 2456 2373 2510 θάῤ-

275 2521 347 2573 ῥος
383 2523 617 2573 πολεμίων,
659 2522 756 2561 ibid.
788 2523 808 2560 I
842 2535 881 2573 p.
915 2524 991 2560 649
1021 2523 1069 2570 Ο,
1116 2522 1213 2561 ibid.
1243 2522 1284 2561 Π
1319 2535 1359 2573 p.
1393 2525 1465 2561 671
1499 2523 1552 2570 Ο,
1593 2523 1730 2573 Remp.
1763 2523 1795 2560 V
1832 2534 1872 2572 p.
1906 2524 1981 2559 450
2011 2521 2065 2569 E;
2109 2522 2225 2573 Apol.
2259 2522 2367 2562 Socr.

274 2597 313 2636 p.
346 2587 396 2625 34
424 2586 480 2634 Ε,
526 2587 631 2626 Prot.
671 2599 712 2637 p.
746 2588 821 2625 350
850 2586 907 2633 Α,
952 2585 1049 2625 ibid.
1091 2599 1131 2636 p.
1164 2587 1240 2625 350
1269 2586 1321 2633 Ο,
1367 2585 1463 2625 ibid.
1503 2599 1542 2636 p.
1577 2588 1647 2624 351
1679 2586 1735 2632 A;
1780 2584 1875 2624 ibid.
1914 2598 1954 2635 p.
1988 2587 2063 2623 359
2092 2586 2144 2632 Ο,
2190 2586 2367 2637 Euthyd.

273 2660 314 2699 p.
346 2650 422 2688 275
458 2649 510 2699 Β,
556 2649 706 2689 Phaed.
747 2662 786 2701 p.
820 2651 869 2688 95
899 2648 947 2697 Ο,
994 2648 1164 2689 Phaedr.
1205 2661 1243 2700 p.
1277 2650 1353 2688 243
1382 2649 1431 2698 Ε,
1478 2649 1634 2688 Μ811011.
1671 2662 1711 2700 p.
1743 2649 1791 2686 88
1822 2648 1872 2696 B;
1920 2647 2084 2689 Theaet.
2125 2662 2163 2700 p.
2201 2650 2275 2688 189
2304 2649 2363 2697 D;

273 2710 429 2751 Menex.
460 2725 500 2763 p.
534 2715 610 2750 249
638 2713 685 2751 Ε.
2040 2724 2043 2727 ⁴

377 2774 556 2825 Itemque
575 2775 797 2827 Xenophon
825 2779 930 2814 certe
956 2774 998 2813 in
1016 2773 1195 2814 Anabasi
1222 2774 1367 2814 formas
1395 2786 1467 2826 per
1494 2777 1545 2826 (ἢ
1573 2773 1733 2824 spernit.
1784 2773 1849 2812 Sic
1877 2773 2002 2813 habes
2031 2774 2211 2826 θαῤῥεῑν
2238 2776 2367 2815 Anab.

272 2835 332 2875 111
360 2839 396 2886 2,
423 2839 492 2886 20,
526 2839 561 2878 V
589 2840 719 2887 8,19;
753 2838 807 2877 VI
837 2840 968 2887 1,12;
1000 2838 1055 2877 VI
1084 2839 1218 2887 2,12;
1250 2839 1326 2877 VII
1354 2841 1392 2887 4,
1420 2839 1485 2884 13;
1518 2835 1747 2888 θαῤῥύνειν
1773 2837 1792 2875 I
1821 2840 1857 2885 7,
1882 2839 1926 2880 2;
1959 2835 2123 2889 θάῤῥος
2151 2838 2206 2876 VI
2235 2841 2365 2888 3,17;

272 2898 512 2951 θαῤῥαλέος
539 2901 579 2940 ΙΙ
608 2904 644 2952 6,
681 2904 750 2949 14,
782 2901 841 2940 ΠΙ
870 2903 906 2950 2,
936 2904 1000 2949 16;
1034 2901 1089 2941 IV
1118 2903 1154 2951 6,
1188 2903 1225 2940 9.
1284 2901 1331 2940 In
1359 2900 1503 2952 Cyrop.
1534 2900 1625 2940 libri
1652 2912 1746 2939 mse.
1778 2900 1860 2940 fere
1889 2900 2013 2940 solum
2043 2901 2232 2941 exhibent
2260 2904 2372 2953 θαρ-

274 2961 373 3012 ῥεῑν,
407 2963 583 3015 θάῤῥος,
616 2964 848 3016 θαῤῥύνειν
875 2966 894 3004 Ι
923 2969 960 3014 5,
998 2968 1066 3011 14,
1100 2965 1159 3003 111
1189 2968 1224 3013 3,
1251 2967 1321 3004 39:
1354 2965 1388 3003 V
1416 2967 1451 3012 4,
1477 2966 1545 3011 36,
1578 2964 1611 3002 V
1640 2967 1676 3010 5,
1702 2966 1771 3011 42,
1805 2964 1879 3002 VII
1908 2967 1946 3015 5,
1971 2966 2043 3011 22;
2076 2965 2171 3004 VIII
2199 2968 2235 3014 8,
2262 2969 2300 3005 6.
2321 2990 2371 2993 -

2094 3040 2112 3071 2
