2769 3518
1375 179 1397 215 4

329 296 519 347 τέχνησις
547 292 622 333 VII
651 294 714 341 70,
748 294 790 339 3;
833 287 1003 340 ἀξίωσις
1041 292 1103 332 III
1130 294 1168 343 9,
1202 295 1226 331 2
1263 298 1304 334 et
1334 305 1404 345 pro
1433 288 1597 342 ἀξίωμα
1632 292 1802 344 positum
1841 292 1861 332 I
1890 294 1955 342 69,
1987 295 2032 342 2;
2072 293 2112 334 11
2141 296 2203 342 65,
2237 295 2282 338 5,
2325 287 2438 330 ἅπα-

329 359 530 410 ρίθμησις
558 356 592 395 V
620 357 682 406 20,
718 358 760 400 2;
804 351 1018 407 ἀπόβασις
1047 357 1101 397 IV
1130 358 1168 407 8,
1202 360 1247 406 5,
1281 357 1335 397 VI
1365 358 1428 406 75,
1466 359 1507 405 1,
1550 352 1897 404 ἀποκινδύνευσις
1924 357 2001 398 VII
2029 359 2093 407 67,
2127 361 2173 407 4;
2206 353 2437 408 ἇπόκλῃσις

327 422 383 460 IV
412 423 481 465 85,
515 422 557 466 2,
606 416 887 473 ἀποστέρησις
923 421 998 460 VII
1036 424 1106 470 70,
1141 423 1184 467 6,
1233 417 1396 466 ἅπωσις
1429 420 1503 459 VII
1538 422 1608 468 34,
1642 423 1686 467 5,
1734 417 1907 473 αὔχησις
1943 421 1998 460 VI
2038 424 2104 472 16,
2139 425 2181 470 5,
2228 419 2436 473 γύμνωσις

327 484 362 523 V
391 486 454 533 71,
479 486 520 529 2;
554 482 822 536 διαμέλλησις
849 484 884 524 V
903 485 974 532 99,
1009 482 1228 531 διάστασις
1256 484 1310 522 VI
1335 485 1393 533 18,
1419 486 1462 532 6;
1496 481 1713 536 διάφευξις
1740 483 1800 523 III
1821 486 1884 533 23,
1909 488 1954 532 5;
1989 484 2203 531 δικαίωσις
2230 485 2251 524 Ι
2272 487 2359 532 141,
2388 486 2430 530 1;

325 547 385 588 III
414 548 478 596 82,
512 548 557 594 33
591 546 647 587 IV
675 548 739 596 86,
773 551 820 596 4;
851 547 886 588 V
918 551 980 598 17,
1017 551 1058 596 1;
1092 547 1188 588 VIII
1215 550 1279 598 66,
1313 550 1356 596 2,
1398 545 1564 600 δόκησις
1592 546 1633 586 II
1661 548 1725 594 35,
1759 549 1804 592 2:
1843 546 1898 587 IV
1927 550 1990 597 55,
2025 549 2067 598 3,
2108 549 2163 589 IV
2192 550 2256 599 87,
2293 550 2334 596 1,
2369 545 2436 599 ἐγ-

325 614 509 664 χείρησις
536 611 593 650 VI
622 613 686 660 83,
721 614 766 659 3;
808 611 1020 663 ἔκπεμψις
1048 613 1103 652 IV
1132 614 1196 662 85,
1234 616 1273 660 1,
1316 611 1488 658 ἕλκωσις
1516 611 1556 650 Π
1585 613 1648 660 49,
1682 614 1724 657 4;
1769 608 2000 664 ἐνθύμησις
2027 613 2047 652 Ι
2080 615 2165 662 132,
2199 616 2242 659 6,
2278 609 2435 652 ἐπανά-

325 688 455 721 σεισις
491 675 526 714 V
558 677 626 722 17,
662 677 706 723 2;
756 674 1076 728 ἕπαναχώρησις
1110 676 1170 715 111
1209 677 1280 723 89,
1315 677 1359 721 3,
1408 672 1631 725 ἐπαύρεσις
1666 674 1706 713 ΙΙ
1743 676 1812 722 53,
1851 677 1892 722 1,
1940 668 2182 723 ἐπεξέτασις
2218 676 2253 715 V
2282 676 2351 724 89,
2388 676 2429 720 1,

323 738 359 777 V
391 740 486 787 100,
521 737 577 778 VI
607 739 671 788 38,
705 735 751 787 2¹,
787 739 841 779 VI
869 741 943 788 42,
977 736 1247 792 ἐπικράτησις
1274 738 1294 776 Ι
1323 739 1386 785 41,
1420 739 1461 783 2;
1497 736 1710 788 ἐπίλειψις
1737 737 1777 776 Π
1806 740 1869 785 50,
1898 741 1940 785 1;
1974 736 2212 791 ἐπίπεμψις
2241 737 2278 778 Π
2297 739 2359 787 39,
2387 739 2429 784 3;

324 800 572 852 ἐπιτείχισις
599 802 655 842 VI
684 804 748 852 93,
783 805 825 851 2;
870 801 1134 856 ἐπιτήδευσις
1161 802 1181 841 Ι
1210 803 1273 851 32,
1307 803 1351 848 2;
1394 801 1433 840 II
1463 802 1525 849 37,
1561 803 1601 849 2,
1643 800 1905 854 ἐπιτέχνησις
1934 802 1953 841 Ι
1982 805 2055 853 71,
2080 806 2117 853 2,
2158 802 2264 855 quod
2290 813 2434 842 nomen

321 865 363 906 in
392 866 657 919 Xenophonte
685 867 768 919 legi
795 867 854 908 ait
880 867 1146 917 Phavorinus,
1189 878 1267 906 non
1295 869 1428 905 tamen
1465 865 1631 916 legitur,
1676 863 1932 919 ἐπιχείρησις
1967 866 1986 906 1
2016 869 2078 916 70,
2113 871 2159 915 4,
2199 867 2259 907 111
2287 867 2351 914 82,
2384 866 2430 912 3;

322 930 357 969 V
386 932 423 979 9,
463 934 504 979 1,
537 931 613 971 VII
642 933 707 981 43,
744 934 787 979 1,
830 928 1023 985 ἐσήγησις
1050 930 1086 970 V
1115 931 1178 979 30,
1214 932 1256 976 1;
1292 926 1523 982 ἐφόρμησις
1550 929 1589 968 11
1619 931 1682 979 89,
1716 932 1761 977 7;
1796 927 2006 983 θάρσησις
2034 930 2108 970 VII
2136 932 2199 981 49,
2237 933 2279 978 1;
2313 931 2435 975 θέσις

320 995 340 1034 Ι
370 997 434 1034 37.
469 998 512 1044 2,
551 996 657 1035 inest
688 995 808 1035 etiam
835 995 877 1034 in
905 994 1041 1035 libello
1070 993 1121 1034 de
1149 1006 1192 1033 re
1221 992 1382 1044 publica
1410 992 1712 1033 Atheniensium
1740 993 1800 1032 III
1829 995 1866 1043 2,
1909 993 2022 1033 cuius
2050 998 2187 1034 auctor
2213 992 2434 1044 Xenophon

321 1071 410 1098 esse
439 1071 515 1098 non
543 1063 692 1110 potest,
726 1056 899 1106 κάθεξις
927 1058 987 1097 111
1017 1060 1080 1105 47.
1114 1059 1160 1105 3,
1194 1054 1505 1102 καταδούλωσις
1533 1056 1593 1095 III
1625 1059 1686 1107 10,
1711 1059 1754 1103 2,
1788 1054 2025 1110 κατάληψις
2052 1058 2110 1097 111
2141 1059 2204 1107 33,
2230 1060 2274 1105 3,
2306 1053 2434 1095 κατά-

319 1129 483 1172 μεμψις
510 1122 549 1161 ΙΙ
578 1125 642 1172 41,
677 1124 719 1168 2;
763 1122 838 1161 VII
867 1125 931 1170 75,
966 1125 1011 1167 4;
1053 1119 1254 1173 κάταρσις
1282 1120 1336 1159 IV
1365 1122 1428 1169 26,
1462 1124 1502 1167 5,
1548 1122 1777 1166 κατοίκισις
1805 1120 1858 1159 VI
1889 1122 1951 1170 77,
1990 1123 2030 1166 1;
2071 1123 2203 1167 κτίσις
2238 1122 2258 1160 Ι
2291 1122 2350 1168 18,
2384 1122 2430 1166 2;

320 1183 499 1237 κύρωσις
535 1185 590 1224 VI
622 1186 707 1234 103,
744 1187 787 1233 3,
833 1185 961 1238 λῆψις
990 1184 1025 1223 V
1056 1187 1150 1232 110,
1196 1184 1292 1224 VIII
1330 1186 1393 1231 71,
1427 1185 1470 1231 2,
1518 1180 1703 1236 λώφησις
1738 1182 1792 1222 IV
1823 1185 1886 1233 81,
1923 1186 1963 1232 1,
2010 1184 2206 1237 μέλλησις
2239 1184 2258 1224 Ι
2287 1186 2349 1233 69,
2384 1185 2428 1231 3;

319 1249 374 1288 IV
407 1251 494 1298 126,
528 1252 572 1295 4,
606 1249 641 1287 V
674 1251 761 1298 116,
798 1251 841 1294 1,
875 1246 1105 1298 μετάθεσις
1133 1249 1168 1287 V
1197 1249 1262 1295 29,
1295 1250 1336 1295 4,
1377 1245 1542 1296 νόμισις
1570 1247 1604 1285 V
1637 1249 1723 1295 105,
1763 1249 1803 1294 1,
1846 1246 2066 1300 ξύγκλησις
2093 1248 2128 1286 V
2157 1250 2221 1297 71,
2258 1250 2298 1295 l,
2338 1245 2433 1297 ξύγ-

319 1325 467 1364 κρασις
496 1312 592 1351 VIII
620 1313 686 1360 97,
720 1313 764 1358 2;
809 1309 1004 1362 ξύγχυσις
1041 1312 1060 1350 Ι
1092 1314 1188 1357 146;
1231 1308 1408 1359 ξύλωσις
1444 1310 1483 1349 11
1516 1313 1576 1359 14,
1614 1313 1656 1358 1,
1697 1306 1926 1363 ὀλόφυρσις
1961 1310 1981 1349 Ι
2014 1313 2101 1360 143,
2135 1315 2177 1358 5;
2217 1310 2257 1350 ῙῙ
2286 1313 2349 1357 51,
2384 1311 2427 1357 3,

320 1377 574 1428 παραίτησις
602 1375 621 1414 I
650 1376 713 1424 73,
748 1377 792 1423 2,
836 1373 1180 1428 παράκλησιςῐν
1209 1376 1271 1423 61,
1308 1376 1347 1422 3;
1392 1375 1556 1424 πέμψις
1584 1373 1660 1413 VII
1691 1375 1752 1423 17,
1786 1375 1829 1421 2,
1870 1376 2161 1428 περιτέχνησις
2197 1374 2258 1414 ΙΠ
2287 1375 2348 1423 82,
2384 1376 2428 1421 3;

320 1438 528 1492 πλάνησις
555 1439 651 1478 VIII
680 1441 745 1488 42,
783 1442 825 1487 1;
872 1437 1187 1491 προεκφόβησις
1215 1439 1250 1477 V
1282 1440 1343 1486 11,
1377 1439 1422 1483 3,
1471 1435 1661 1489 πρόοψις
1698 1437 1738 1476 11
1767 1438 1836 1485 89,
1871 1440 1916 1484 6;
1963 1438 1998 1477 V
2027 1439 2072 1487 8,
2106 1440 2151 1487 2,
2197 1435 2433 1489 πρόσβασις

319 1503 374 1543 VI
403 1505 465 1552 96,
505 1506 546 1548 1,
590 1500 827 1554 πρόσθεσις
854 1503 909 1542 IV
941 1504 1028 1550 135,
1066 1504 1109 1548 1,
1152 1500 1368 1554 πρόσοψις
1395 1501 1435 1540 II
1464 1502 1528 1551 89,
1562 1503 1605 1546 6,
1648 1503 1931 1554 προσποίησις
1958 1501 1999 1541 II
2028 1503 2091 1549 62,
2126 1503 2171 1550 2,
2205 1501 2259 1541 VI
2292 1503 2351 1549 16,
2385 1505 2429 1549 5;

318 1565 549 1619 πρόσταξις
577 1566 674 1606 VIII
703 1567 739 1616 3,
774 1567 819 1613 2,
867 1563 1110 1617 πρόσχωσις
1147 1565 1186 1605 II
1223 1567 1285 1614 77,
1320 1566 1364 1611 2,
1411 1564 1451 1603 II
1491 1565 1584 1614 102,
1620 1566 1665 1613 3;
1713 1566 1964 1618 προτίμησις
2000 1564 2062 1604 III
2091 1566 2162 1614 82,
2196 1567 2236 1613 8,
2282 1562 2433 1611 πύστις

317 1631 336 1669 Ι
371 1634 416 1679 5,
451 1633 498 1678 2;
544 1630 604 1669 ΙΙΙ
642 1632 711 1680 82,
747 1632 790 1677 3;
838 1628 956 1682 ῥῆσις
983 1630 1019 1669 V
1048 1632 1120 1678 85,
1159 1633 1199 1677 1,
1247 1631 1470 1680 τέκμαρσις
1505 1628 1545 1667 11
1574 1630 1716 1677 87,1;
1764 1631 1962 1675 τέκνωσις
1999 1629 2038 1668 ΙΙ
2068 1632 2139 1679 44,
2173 1631 2218 1677 2,
2266 1627 2433 1681 τήρησις

318 1694 394 1734 VH
426 1695 562 1743 86,1.

425 1758 525 1797 Item
553 1768 702 1808 magna
740 1768 833 1808 pars
868 1756 1071 1796 nominum
1101 1756 1444 1797 deverbativorum
1472 1756 1513 1797 in
1543 1771 1617 1810 της
1644 1757 1752 1809 apud
1780 1756 2082 1808 Xenophontem
2114 1760 2234 1808 atque
2262 1756 2433 1808 reliquos

319 1834 414 1860 suae
444 1821 591 1860 aetatis
620 1820 832 1870 scriptores
864 1832 942 1859 non
971 1825 1033 1859 est
1059 1821 1101 1859 in
1130 1832 1217 1859 usu.

427 1883 628 1934 Sequitur,
662 1886 705 1923 ut
733 1882 1002 1932 observemus,
1036 1895 1128 1922 num
1150 1894 1267 1923 voces
1287 1883 1338 1923 ab
1358 1895 1433 1924 usu
1452 1883 1717 1935 antiquiorum
1737 1883 1980 1933 recedentes,
2014 1882 2273 1924 recentiorum
2301 1886 2431 1924 autem

317 1949 550 1999 scriptorum
590 1947 772 1998 proprias
802 1947 1026 1998 Xenophon
1055 1947 1095 1986 in
1124 1947 1236 1986 libris
1266 1947 1503 1986 adhibuerit.
1563 1948 1662 1986 Eum
1691 1947 1759 1998 qui
1787 1948 2015 1987 universum
2051 1947 2161 1998 apud
2188 1947 2433 1998 Xenophon-

316 2016 395 2051 tem
430 2011 639 2050 verborum
675 2015 912 2061 apparatum
951 2010 1284 2059 consideraverit,
1325 2011 1450 2050 multa
1477 2011 1609 2050 inesse
1637 2011 1831 2050 vocabula
1859 2010 1898 2049 in
1928 2010 2014 2050 cius
2047 2009 2159 2049 libris
2186 2010 2310 2050 libere
2338 2022 2432 2049 con—

317 2074 419 2114 fiteri
452 2077 620 2125 oportet,
662 2085 766 2124 quae
796 2084 957 2125 prorsus
985 2073 1035 2113 ab
1064 2072 1225 2124 ingenio
1254 2073 1385 2124 Attico
1413 2073 1664 2114 abhorreant.
1722 2073 1820 2114 Inde
1850 2072 2019 2123 scilicet,
2063 2072 2130 2125 qui
2159 2072 2245 2113 eius
2274 2072 2433 2113 dicendi

316 2150 442 2188 genus
471 2137 725 2188 spernebant,
758 2137 881 2176 telum
910 2136 1174 2188 arripuerunt,
1213 2136 1316 2186 quod
1345 2137 1387 2176 in
1415 2137 1720 2189 Xenophontem
1747 2137 1934 2176 iacerent.
1984 2136 2153 2176 Poeticis
2181 2136 2286 2175 enim
2314 2148 2433 2176 voca-

317 2201 421 2240 bulis
451 2200 559 2239 haud
586 2212 785 2251 quaquam
814 2200 1009 2239 abstinuit
1036 2200 1282 2252 Xenophon,
1327 2200 1421 2251 quin
1451 2200 1571 2240 etiam
1600 2200 1773 2240 Lobeck.
1805 2200 1858 2240 ad
1885 2201 2031 2253 Phryn.
2064 2213 2104 2252 p.
2138 2201 2187 2239 89
2208 2204 2269 2251 sq.'
2301 2200 2434 2241 docuit

315 2265 470 2316 poetica
499 2264 694 2304 vocabula
723 2276 772 2304 ex
801 2264 911 2303 nullo
939 2263 1136 2315 pedestris
1156 2264 1346 2304 orationis
1375 2264 1565 2316 scriptore
1593 2265 1707 2316 plura
1729 2264 1918 2305 adnotata
1945 2277 2050 2312 csse,
2082 2277 2200 2315 quam
2229 2276 2279 2304 cx
2298 2264 2432 2305 Xeno-

316 2328 475 2379 phonte.
536 2327 638 2367 Vide
668 2327 853 2377 Hermog.
888 2331 962 2366 art.
995 2333 1092 2366 orat.
1126 2341 1165 2379 p.
1200 2330 1297 2367 506:
1351 2327 1461 2367 ἴδιον
1490 2329 1763 2380 Ξενοφῶντος
1798 2329 1868 2367 καὶ
1904 2326 1950 2368 τὸ
1987 2327 2094 2367 κατὰ
2122 2325 2236 2366 πόσα
2266 2326 2433 2382 διαστή-

316 2406 428 2442 ματα
467 2394 653 2444 χρῆσθαι
688 2398 927 2444 ποιητικαῖς
964 2395 1052 2438 πῶς
1089 2391 1224 2440 λέξεσι
1262 2390 1374 2432 πολὺ
1411 2395 1492 2432 τῶν
1530 2387 1667 2432 ἄλλων
1705 2395 1752 2445 τῇ
1790 2390 1915 2446 φύσει
1950 2391 2227 2445 διεστηκυίαις
2264 2391 2427 2441 λέξεων.

317 2455 464 2495 Omitto
498 2455 541 2493 in
578 2455 654 2494 hac
691 2459 803 2506 parte
841 2455 989 2494 formas
1027 2456 1229 2495 nominum
1258 2460 1376 2506 atque
1414 2457 1634 2503 verborum,
1676 2468 1777 2506 quae
1814 2468 1863 2496 ex
1905 2456 2065 2506 antiquo
2106 2467 2286 2495 sermone
2320 2456 2431 2508 epico

318 2518 575 2569 assumpsit,*
613 2522 748 2568 utpote
778 2518 827 2558 de
857 2518 1001 2568 quibus
1035 2518 1140 2558 infra
1169 2519 1395 2571 disputabo.
1454 2518 1627 2559 Afferam
1657 2519 1850 2569 quasdam
1879 2532 2016 2569 voces,
2056 2531 2155 2570 quas
2185 2532 2235 2558 ex
2262 2519 2431 2560 Homero

317 2581 434 2634 petiit
461 2581 698 2633 Xenophon.
758 2581 992 2622 Homericae
1027 2582 1188 2632 quidem
1217 2594 1336 2623 voces
1373 2586 1465 2622 sunt
1502 2578 1754 2622 ἀναίνεσθαι
1781 2582 1925 2634 Cyrop.
1957 2582 1998 2622 II
2029 2585 2063 2631 1,
2098 2583 2166 2629 31,
2210 2581 2279 2621 cfr.
2313 2582 2427 2623 Hom.

318 2644 392 2685 Od.
425 2645 485 2684 III
515 2647 613 2687 265:
657 2640 912 2694 ἀμείβεσθαι
940 2645 1069 2686 Anab.
1102 2646 1141 2685 II
1172 2649 1211 2695 5,
1250 2649 1320 2693 15;
1372 2643 1653 2694 ἐξαλαπάξειν
1681 2646 1808 2686 Anab.
1841 2646 1917 2686 VII
1949 2649 1982 2695 1,
2017 2648 2087 2694 29,
2129 2645 2201 2685 cfr.
2233 2646 2347 2685 Hom.
2378 2647 2426 2686 Il.
2491 2679 2494 2682 Α

317 2709 336 2748 Ι
370 2711 463 2756 129,
499 2704 742 2760 ὃλοίτροχος
771 2709 897 2749 Anab.
932 2709 987 2749 IV
1016 2711 1053 2757 2,
1080 2711 1124 2757 3;
1158 2712 1335 2749 νέεσθαι
1363 2710 1508 2761 Cyrop.
1542 2709 1596 2749 IV
1620 2712 1652 2758 1,
1680 2711 1749 2757 11;
1784 2705 2038 2750 ἆπονοστεῖν
2064 2709 2191 2749 Anah.
2214 2709 2331 2758 1115,
2361 2713 2425 2759 16,

318 2772 463 2822 μολεῖν
498 2772 626 2812 Anab.
660 2773 735 2811 VII
777 2776 814 2821 1,
851 2775 919 2822 33,
967 2772 1142 2812 δουπεῖν
1178 2774 1306 2813 Anab.
1339 2774 1359 2812 I
1397 2773 1440 2821 8,
1477 2774 1546 2820 18,
1595 2769 1771 2826 ἄκληρος
1806 2772 1903 2812 ibid.
1936 2773 1996 2812 111
2025 2775 2048 2811 2
2079 2773 2129 2811 26
2171 2772 2252 2812 8118
2288 2774 2427 2814 multa..

319 2837 419 2877 Tam
449 2836 587 2888 largus
616 2836 721 2876 enim
759 2837 1001 2888 poeticorum
1030 2837 1311 2877 vocabulorum
1341 2848 1438 2877 usus
1478 2836 1626 2888 passim
1655 2848 1727 2888 per
1753 2836 2056 2888 Xenophontem
2085 2840 2271 2888 apparet,
2312 2842 2356 2878 ut
2381 2850 2431 2878 ex

427 2975 446 2995 ¹⁸*
470 2973 560 3008 Vide
584 2974 752 3017 Krueger.
777 2974 823 3008 ad
846 2974 960 3009 Anab.
987 2973 1036 3008 IV
1058 2977 1088 3015 4,
1119 2976 1166 3007 14.
