2769 3518
420 787 429 792 ·
470 762 980 830 Observationum
1022 761 1090 829 in
1134 762 1466 829 dialectum
1498 762 2023 845 -Xenophonteam

927 868 1241 951 specimen
1284 869 1559 953 primum

1174 995 1313 1037 scripsit

1090 1080 1132 1130 f.
1169 1078 1396 1129 Riemann.

300 1196 704 1273 Commentationem,
744 1235 821 1273 quo
856 1224 940 1263 iure
972 1224 1014 1262 in
1042 1223 1197 1274 scriptis
1226 1223 1501 1277 Xenophontis
1528 1224 1721 1263 recentior
1747 1225 1880 1263 Attica
1907 1225 2102 1265 dialectus
2129 1227 2295 1278 reperiri

194 1288 360 1335 dicatur,
399 1300 518 1337 quam
547 1287 691 1326 abhinc
726 1299 853 1326 annos
882 1299 953 1326 sex
980 1287 1032 1326 ad
1060 1286 1288 1327 facultatem
1317 1287 1483 1327 docendi
1515 1288 1803 1338 impetrandam
1832 1289 1994 1340 scripsi,
2035 1290 2140 1340 typis
2168 1302 2293 1340 usque

194 1351 247 1391 ad
273 1351 379 1391 hunc
406 1349 510 1391 diem
539 1349 839 1390 exscribendam
867 1363 944 1391 non
973 1349 1120 1390 curavi.
1178 1349 1367 1391 Libenter
1403 1350 1524 1402 igitur
1551 1343 1777 1402 occasione,
1820 1364 1921 1403 quae
1957 1365 2061 1393 nunc
2098 1352 2195 1393 mihi
2222 1354 2293 1394 ob-

194 1416 277 1454 lata
306 1419 377 1463 est,
411 1419 499 1454 utor
526 1414 579 1453 ad
607 1426 694 1453 eam
724 1414 980 1465 prodendam.

299 1478 421 1519 Cuius
458 1477 796 1517 commentationis
832 1482 1106 1528 argumentum
1142 1477 1258 1517 divisi
1287 1477 1328 1517 in
1363 1481 1497 1528 partes
1524 1482 1627 1526 tres,
1673 1490 1838 1527 quarum
1876 1479 2004 1530 prima
2040 1485 2130 1531 post
2165 1486 2290 1521 artam

191 1541 476 1582 institutionem
505 1544 738 1592 apparatum
767 1540 973 1580 verborum
1001 1540 1109 1593 apud
1126 1545 1281 1581 veteres
1301 1540 1454 1580 Atticae
1482 1539 1643 1580 dialecti
1662 1541 1873 1593 scriptores
1899 1542 1998 1581 mihi
2017 1542 2292 1584 obvenientem

191 1617 280 1644 cum
308 1605 597 1655 Xenophonteo
625 1604 793 1653 contuli,
834 1605 962 1643 altera
989 1605 1297 1655 discrepantiam
1331 1604 1489 1642 illorum
1517 1610 1635 1654 atque
1663 1605 1953 1655 Xenophontis,
1992 1618 2094 1655 quae
2123 1608 2294 1657 pertinet

193 1667 246 1707 ad
274 1667 463 1708 flexiones
491 1667 692 1707 nominum
712 1671 831 1718 atque
851 1667 1070 1716 verborum,
1098 1667 1290 1717 recensui,
1322 1667 1439 1707 tertia
1466 1666 1635 1718 denique
1664 1666 1714 1707 de
1742 1668 2028 1708 constructione
2056 1669 2287 1720 dictionum,

195 1744 312 1782 quam
341 1730 484 1771 Graeci
516 1729 712 1778 σύνταξιν
738 1735 891 1781 vocant,
924 1735 965 1770 et
992 1731 1041 1770 de
1070 1731 1330 1783 componendi
1356 1731 1508 1770 ratione
1536 1734 1656 1781 atque
1683 1735 1768 1770 arte
1796 1731 2083 1782 Xenephontea
2110 1734 2291 1773 tractavi.

299 1827 381 1867 Sub
410 1826 559 1867 exitum
586 1826 685 1866 belli
711 1826 1038 1877 Peloponnesiaci
1073 1826 1382 1878 demagogorum
1410 1825 1673 1874 orationibus,
1714 1831 1855 1877 postea
1890 1826 2111 1879 principum
2137 1828 2293 1868 illorum

191 1894 387 1930 oratorum
422 1889 553 1930 studio
589 1889 1061 1940 rhetorico-grammatico
1109 1890 1226 1940 plane
1261 1901 1406 1929 novum
1443 1888 1604 1928 dicendi
1637 1900 1766 1939 genus
1799 1890 2002 1929 obtrusum
2037 1895 2099 1930 est
2135 1893 2287 1940 Atticis,

190 1954 308 2004 longe
344 1953 446 1993 illud
478 1958 670 1993 remotum
699 1966 723 1992 a
751 1953 886 2004 prisca
921 1953 1115 2003 gravitate
1145 1958 1184 1992 et
1210 1953 1379 2004 abrupta
1406 1952 1637 1992 austeritate
1670 1951 1955 2002 antiquiorum,
1996 1954 2127 2004 magis
2160 1959 2293 1995 tamen

192 2020 328 2068 aptum
357 2016 411 2056 ad
438 2028 576 2056 sanam
595 2015 886 2067 simplicitatem
916 2021 955 2056 et
983 2016 1212 2056 concinnam
1233 2015 1499 2055 sinceritatem
1518 2015 1763 2066 expolitioris
1790 2015 1964 2065 linguae.
2010 2016 2136 2064 Quam
2155 2029 2291 2057 sanam

191 2084 231 2119 et
266 2080 481 2120 iucundam
518 2079 705 2119 orationis
739 2079 1030 2131 simplicitatem
1058 2091 1195 2119 omnes
1223 2079 1306 2118 fere
1341 2078 1590 2129 grammatici
1617 2082 1658 2117 et
1690 2078 1756 2128 qui
1785 2078 1835 2117 de
1873 2079 1999 2119 literis
2037 2081 2288 2132 scripserunt,

193 2143 378 2184 admirati
407 2148 510 2183 sunt.
556 2142 751 2194 Equidem
778 2155 857 2183 non
884 2143 1021 2195 ignoro
1049 2142 1357 2182 audacissimum
1384 2142 1553 2193 ideoque
1581 2141 1858 2182 difficillimum
1887 2155 1977 2183 esse
2004 2144 2120 2184 certis
2148 2144 2290 2185 finibus

190 2212 230 2247 et
263 2207 524 2257 antiquiorem
553 2207 724 2247 Atticam
761 2207 974 2246 dialectum
1011 2211 1190 2247 coercere
1227 2211 1266 2247 et
1300 2207 1351 2247 ab
1387 2207 1439 2246 iis
1473 2206 1629 2246 initium
1667 2218 1809 2257 capere
1846 2208 2074 2247 recentioris
2112 2209 2284 2248 dialecti.

193 2270 308 2318 Quod
335 2271 369 2310 si
397 2270 580 2320 audebis,
611 2270 816 2322 aptissime
835 2269 1012 2310 Euclidis
1039 2274 1224 2322 praetura
1250 2270 1324 2310 has
1343 2269 1444 2310 duas
1471 2269 1663 2309 dialectos
1691 2281 1886 2319 secemes,
1918 2283 1995 2321 quo
2018 2283 2120 2311 anno
2146 2284 2286 2312 novum

189 2334 446 2385 alphabetum
479 2334 530 2374 ab
559 2334 868 2373 Atheniensibus
896 2334 1076 2373 adhiberi
1103 2338 1282 2385 coeptum
1311 2338 1385 2372 est.
1442 2333 1771 2384 Xenophontem,
1808 2334 1858 2372 de
1887 2334 1999 2373 cuius
2027 2335 2196 2374 dialecto
2224 2335 2290 2374 hic

190 2397 459 2448 explicaturus
487 2410 587 2446 snm,
621 2398 829 2452 aequalem
857 2397 1017 2449 Lysiae,
1048 2397 1247 2447 Isocratis,
1284 2401 1374 2448 post
1400 2396 1514 2436 illum
1541 2409 1688 2436 annum
1717 2396 1839 2436 libros
1868 2397 2131 2448 composuisse
2159 2398 2289 2438 mani·-

188 2460 335 2501 festum
363 2466 436 2501 est.
489 2462 574 2501 Iam
603 2474 650 2501 eo
677 2461 881 2513 probabile
909 2466 972 2501 est
997 2461 1051 2501 ad
1077 2461 1334 2501 recentiorem
1363 2460 1575 2500 dialectum
1603 2473 1692 2499 eum
1725 2460 1956 2499 accessisse.
2003 2461 2090 2499 Huc
2117 2461 2282 2511 accedit,

188 2524 294 2574 quod
325 2524 513 2563 orationis
540 2524 850 2575 Xenophonteae
884 2524 1154 2564 inaffectatam
1188 2524 1473 2564 iucunditatem
1505 2528 1625 2573 atque
1652 2523 1808 2563 dulcem
1837 2523 2146 2574 simplieitatem,
2188 2538 2288 2575 quas

188 2586 400 2637 antiquiori
427 2587 581 2628 Atticae
609 2587 778 2628 dialecto
805 2587 874 2627 vix
901 2587 1063 2638 tribuas,
1095 2599 1232 2628 omnes
1260 2587 1341 2628 fere
1369 2586 1580 2639 scriptores
1608 2585 1785 2627 laudant.

295 2651 353 2691 Ac
382 2651 520 2691 Cicero
547 2650 708 2702 quidem
737 2651 787 2690 de
816 2662 873 2690 or.
894 2650 935 2690 II
961 2653 1008 2690 14
1037 2651 1088 2691 de
1116 2663 1163 2691 eo
1191 2651 1305 2691 dicit:
1338 2651 1573 2702 Xenophon,
1606 2649 1827 2689 Socraticus
1853 2649 1934 2697 ille,
1967 2649 2126 2701 scripsit
2152 2651 2287 2690 Histo-

188 2714 287 2754 riam
324 2714 473 2755 leviore
508 2715 680 2766 quodam
716 2727 812 2754 sono
849 2726 947 2754 usus
983 2719 1023 2754 et
1056 2715 1125 2765 qui
1161 2714 1275 2754 illum
1310 2715 1500 2767 impetum
1537 2713 1723 2752 orationis
1751 2725 1828 2751 non
1865 2712 2031 2762 habeat,
2072 2714 2288 2754 vehemens

188 2778 355 2819 fortasse
383 2778 514 2818 minus
527 2810 536 2828 ,
577 2778 650 2818 sed
676 2779 879 2829 aliquanto
906 2783 1060 2827 tamen,
1101 2783 1145 2818 ut
1171 2778 1268 2818 mihi
1295 2778 1455 2829 quidem
1491 2772 1657 2826 videtur,
1700 2775 1862 2816 dulcior.
1921 2775 2031 2816 Idem
2065 2777 2164 2817 alibi
2192 2791 2288 2818 voce

188 2840 274 2882 eius
301 2840 438 2882 Musas
464 2841 580 2893 quasi
606 2841 757 2883 locutas
785 2852 876 2883 esse
897 2840 1046 2894 prodit.

293 2905 412 2943 Dion.
442 2906 572 2943 Halic.
602 2906 656 2943 ad
683 2906 754 2945 Cn.
769 2903 926 2955 Pomp.
956 2905 1031 2943 hoe
1059 2905 1109 2943 de
1136 2905 1222 2943 eius
1249 2905 1468 2943 elocutione
1496 2904 1682 2942 iudicium
1710 2904 1805 2942 fert:
1855 2900 1875 2941 ὃ
1906 2904 1951 2941 δὲ
1980 2904 2165 2950 λεκτικὸς
2193 2905 2291 2956 τρό-

184 2981 269 3014 πος
297 2971 356 3019 πῇ
382 2968 463 3018 μὲν
490 2963 635 3018 ὅμοιος
649 2963 882 3019 Ἡροδότου
909 2972 968 3019 πῇ
997 2967 1042 3009 δὲ
1071 2966 1353 3020 ἐνδεέστερος·
1385 2963 1575 3019 καθαρὸς
1593 2965 1671 3016 μὲν
1689 2963 1766 3018 γὰρ
1793 2972 1879 3013 τοῖς
1907 2962 2113 3017 ὀνόμασιν
2141 2966 2291 3015 ἱκανῶς

2017 3042 2031 3072 1
