2769 3518
1290 177 1313 212 3

253 293 353 333 tiore
380 291 513 332 Attica
541 290 722 340 dialecto,
764 290 828 329 vel
856 290 1014 330 differat
1040 290 1091 330 ab
1119 290 1352 341 antiquiore.
1411 291 1678 330 Observemus
1706 296 1839 331 autem
1868 293 2057 333 ordinem.
2091 305 2208 343 quem
2238 305 2360 345 supra

254 356 440 397 indicavi.

360 417 569 469 Quaeritur
600 416 732 470 igitur,
774 421 903 458 utrum
940 417 982 458 in
1018 416 1130 458 libris
1157 417 1458 471 Xenophonteis
1485 418 1592 459 idem
1630 417 1854 460 inveniatur
1889 425 2103 472 apparatus
2132 421 2352 472 verborum,

254 498 331 536 quo
359 495 456 524 usus
491 486 554 522 est
581 481 838 533 Thucydides
873 494 960 521 cum
995 482 1140 522 veteris
1178 482 1337 522 dialecti
1367 482 1522 524 Atticae
1555 483 1828 534 scriptoribus,
1871 497 1922 523 an
1958 497 2075 524 voces
2108 486 2164 525 ibi
2202 490 2352 534 extent,

253 559 419 599 quarum
446 557 544 585 usus
579 545 759 596 proprius
787 544 838 583 sit
865 545 1128 592 recentiorum
1155 545 1386 585 Atticorum.
1444 546 1503 585 Ac
1529 545 1699 597 primum
1726 546 1905 596 quidem,
1951 552 1993 587 ut
2020 548 2156 587 ordine
2192 561 2357 602 progre-

253 611 420 660 diamur,
452 621 546 649 num
574 620 705 658 voces,
735 620 836 659 quas
864 608 1061 658 antiquior
1087 607 1219 648 Attica
1246 607 1440 648 dialectus
1469 608 1544 648 sibi
1573 609 1773 660 selegerit,
1807 610 2061 662 Xenophonti
2089 624 2243 663 quoque
2273 612 2357 651 usi-

253 679 361 714 tatae
388 672 480 721 sint,
514 671 734 711 videamus.

359 736 476 775 Dion.
507 735 597 775 Hal.
632 735 832 775 disserens
859 735 908 775 de
937 735 1156 775 elocutione
1185 733 1453 786 Thucydidis,
1496 747 1612 785 quem
1641 736 1829 788 optimum
1860 738 2064 788 exemplar
2091 739 2235 779 veteris
2264 739 2355 778 dia-

252 800 345 840 lecti
380 800 535 838 Atticae
577 799 715 846 habet,
763 798 915 838 crimini
948 799 1009 837 illi
1042 799 1131 846 dat,
1178 798 1283 849 quod
1319 799 1428 845 λέξις
1464 799 1550 838 eius
1588 800 1640 838 sit
1675 797 1999 853 ἀπηρχαιωμένῃ
2038 802 2354 854 γλωσσηματικὴ

253 859 497 914 δυσεικαστὴ
528 868 614 907 τοῖς
642 861 828 907 πολλοῖς.
888 862 972 901 Nec
1000 862 1084 901 sine
1120 861 1207 901 iure
1235 860 1285 901 de
1313 861 1525 901 obliterata
1552 866 1670 912 atque
1706 863 1912 913 antiquata
1939 864 2187 916 Thucydidis
2223 866 2354 905 elocu-

251 927 358 966 tione
395 925 584 976 queritur.
643 925 812 964 Fallitur
843 930 995 975 autem,
1036 925 1141 976 quod
1168 924 1244 964 sibi
1276 925 1475 975 persuasit
1503 925 1777 977 Thucydidem
1818 928 1867 966 de
1904 927 2098 967 industria
2133 940 2248 968 voces
2283 929 2354 968 ob-

250 990 428 1029 literatas
455 988 690 1039 indagasse,
730 1000 833 1039 quae
867 1000 940 1028 sua
966 992 1095 1028 aetate
1122 988 1201 1028 iam
1229 992 1308 1046 n'on
1336 992 1469 1029 essent
1497 989 1679 1029 usitatae.
1738 990 1831 1030 Veri
1867 990 2107 1030 simillimum
2146 996 2205 1031 cst
2241 992 2353 1031 illum

252 1065 329 1092 non
357 1052 480 1091 fuisse
515 1052 653 1092 talium
689 1051 940 1091 minutiarum
968 1051 1261 1102 indagatorem,
1304 1051 1374 1091 sed
1412 1064 1499 1091 cum
1534 1051 1728 1092 dialectus
1756 1054 1887 1093 Attica
1923 1057 2006 1092 tum
2043 1067 2119 1092 non
2157 1055 2211 1093 ita
2249 1060 2355 1094 esset

251 1116 464 1168 perpolita,
505 1120 547 1155 ut
580 1119 673 1166 apte
702 1114 883 1154 adhiberi
919 1119 1053 1166 posset
1081 1115 1134 1154 ad
1169 1115 1326 1164 literas,
1369 1127 1457 1154 eum
1485 1115 1528 1154 id
1556 1116 1688 1165 egisse
1717 1129 1789 1155 nos
1827 1121 1966 1167 putare
1994 1122 2168 1167 oportet,
2210 1123 2250 1157 ut
2278 1118 2353 1157 sibi

251 1179 464 1219 dialectum
492 1178 690 1218 conderet.
736 1178 837 1217 Hinc
864 1178 960 1217 illae
988 1190 1105 1217 voces
1134 1178 1367 1217 obliteratae
1396 1182 1435 1217 et
1462 1178 1642 1229 poeticae
1671 1184 1710 1219 et
1737 1180 1906 1219 usitatae
1935 1180 2108 1230 quidem,
2141 1180 2212 1220 sed
2240 1182 2354 1220 noxus

250 1242 474 1282 notionibus
502 1242 737 1291 instructae,
778 1253 943 1292 quarum
972 1241 1185 1281 nonnullae
1213 1245 1352 1292 postea
1379 1253 1428 1280 ex
1456 1241 1672 1281 Atticorum
1701 1254 1882 1282 sermone
1910 1242 2068 1282 omnino
2096 1248 2352 1282 evanuerunt.

252 1306 317 1345 Sic
346 1302 580 1358 ἇκραιφνής
617 1305 725 1357 apud
752 1304 948 1356 pedestris
976 1303 1165 1343 orationis
1192 1304 1401 1355 scriptores
1428 1304 1579 1344 Atticos
1606 1317 1683 1344 non
1712 1306 1898 1345 usitatum
1928 1310 2009 1352 est,
2051 1306 2196 1356 legitur
2222 1311 2354 1345 tamen

250 1369 358 1420 apud
385 1368 660 1419 Thucydidem
688 1369 707 1407 I
740 1370 786 1406 19
816 1372 855 1407 et
883 1368 901 1406 I
930 1369 993 1417 52,
1021 1369 1058 1406 2.
1116 1368 1342 1419 Assumpsit
1370 1368 1471 1407 hanc
1500 1369 1681 1407 voculam
1711 1381 1760 1408 ex
1789 1368 2026 1419 tragicorum
2056 1381 2249 1418 sermone,
2282 1382 2354 1409 ex—

250 1436 309 1472 tat
335 1431 437 1471 enim
468 1444 533 1483 ap.
565 1431 686 1483 Soph.
719 1430 817 1471 Oed.
852 1430 938 1470 Col.
974 1433 1095 1478 1147,
1138 1443 1203 1482 ap.
1235 1430 1371 1483 Eurip.
1405 1431 1501 1471 Hec.
1535 1433 1630 1486 5333
1669 1432 1755 1471 Alc.
1792 1434 1906 1472 1062.
1965 1433 2010 1471 In
2040 1432 2178 1472 eodem
2208 1445 2353 1484 genere

249 1495 473 1547 ponendum
510 1500 571 1534 est
605 1493 817 1547 περιωπή,
870 1494 975 1543 quod
1009 1506 1151 1533 nomen
1186 1507 1251 1545 ap.
1282 1495 1398 1533 Hom.
1437 1495 1484 1533 Il.
1518 1495 1613 1534 XIV
1642 1497 1686 1539 82
1730 1496 1868 1534 XXIII
1898 1500 1968 1534 451
2012 1496 2117 1535 idem
2156 1497 2354 1546 significat

248 1571 296 1598 ac
325 1560 481 1597 σκοπία
508 1557 536 1597 i.
560 1570 597 1597 e.
620 1558 785 1609 specula
813 1557 1000 1604 »Warte«.
1052 1557 1307 1608 Thucydides
1335 1557 1643 1608 metaphoricam
1665 1558 1993 1608 significationem
2023 1558 2160 1598 tribuit
2187 1559 2347 1607 nomini,

249 1626 291 1660 ut
319 1622 486 1661 haberet
518 1621 751 1672 prudentiae
780 1624 819 1659 et
846 1620 1189 1671 circumspiciendi
1224 1621 1435 1659 notionem.
1493 1621 1539 1659 In
1573 1621 1711 1660 eodem
1745 1634 1891 1671 genere
1929 1634 2074 1672 ponere
2111 1634 2187 1660 non
2216 1623 2351 1661 dubito

249 1696 391 1724 nomen
429 1680 632 1736 ἀνακωχή,
671 1683 776 1734 quod
811 1688 871 1723 est
905 1697 971 1735 ap.
1003 1683 1125 1722 Thuc.
1159 1683 1178 1722 Ι
1207 1686 1278 1733 40,
1320 1685 1364 1731 3,
1405 1684 1424 1722 Ι
1455 1686 1525 1728 66;
1567 1683 1627 1723 ΙΠ
1656 1687 1697 1727 4,
1731 1688 1774 1731 4,
1818 1684 1872 1723 IV
1901 1687 1972 1734 38,
2011 1688 2049 1724 1:
2092 1684 2146 1722 IV
2178 1687 2264 1732 117,
2299 1687 2344 1723 2;

250 1748 283 1786 V
312 1749 375 1797 25,
410 1749 453 1795 33
495 1747 590 1787 VIII
619 1749 682 1796 87,
716 1749 760 1794 4,
800 1751 882 1786 tum
910 1746 1074 1786 verbum
1103 1746 1208 1797 quod
1236 1751 1296 1786 est
1331 1745 1602 1799 ἐπισπέρχειν
1630 1747 1684 1785 IV
1716 1749 1774 1796 12,
1813 1750 1851 1786 1:
1893 1745 2125 1799 ἐξοτρύνειν
2154 1748 2172 1785 Ι
2201 1750 2263 1797 84,
2298 1750 2344 1793 2;

249 1812 268 1851 1
297 1814 361 1862 90,
398 1815 440 1857 1,
483 1809 653 1862 θάμβος
680 1811 734 1851 VI
764 1812 827 1861 31,
861 1812 907 1858 6,
947 1810 1054 1861 quod
1079 1823 1224 1851 nomen
1260 1810 1387 1862 poetis
1424 1811 1609 1851 usitatum
1647 1810 1764 1850 etiam
1800 1811 1906 1862 apud
1935 1811 2137 1851 Platonem
2177 1811 2347 1863 legimus

248 1876 288 1915 in
316 1876 487 1916 Phaedr.
519 1889 545 1927 p
593 1877 669 1913 254
690 1875 733 1923 C,
771 1875 839 1925 qui
867 1874 966 1914 liber
993 1875 1168 1926 repletus
1196 1879 1256 1914 est
1283 1879 1422 1914 ornatu
1450 1874 1616 1926 poetico.
1674 1874 1762 1913 Huc
1790 1875 1907 1913 etiam
1937 1875 2136 1926 pertinent
2164 1871 2348 1928 ἆμιριδὴ-

249 1953 363 1991 ριτος
391 1939 446 1979 IV
468 1941 556 1988 134,
593 1941 635 1987 1,
678 1936 843 1991 κωλύμη
872 1938 891 1977 Ι
920 1939 989 1985 92,
1023 1937 1077 1976 IV
1106 1938 1170 1986 27,
1203 1939 1248 1986 3,
1281 1937 1347 1987 IV,
1383 1939 1446 1987 63,
1483 1941 1521 1985 1,
1556 1933 1754 1990 ἀχθηδών
1781 1938 1820 1976 II
1850 1940 1912 1984 37,
1947 1940 1992 1977 2:
2025 1938 2080 1976 IV
2110 1941 2172 1987 40,
2208 1941 2229 1975 2
2266 1939 2347 1978 alia

248 2003 420 2042 nomina.
477 2003 588 2050 Quae
630 2002 789 2053 quidem
824 2014 941 2041 voces
983 2015 1032 2041 ex
1072 2001 1360 2051 antiquioribus
1401 2005 1553 2041 tantum
1590 2000 1816 2051 Thucydidi
1857 2001 2024 2040 usitatae
2068 2005 2168 2040 sunt.
2229 2001 2346 2052 Apud

247 2066 484 2107 recentiores
511 2066 683 2116 itemque
712 2065 820 2117 apud
848 2065 1150 2116 Xenophontem
1176 2077 1255 2104 non
1282 2065 1476 2116 leguntur.

353 2131 441 2170 Huc
468 2130 606 2169 referri
637 2134 789 2181 oportet
816 2128 1139 2168 consuetudinem
1167 2129 1300 2177 illam,
1341 2141 1420 2179 qua
1448 2127 1703 2178 Thucydides
1738 2127 1943 2166 adiectivis
1971 2132 2089 2176 atque
2127 2128 2345 2178 participiis

248 2194 424 2234 neutrius
459 2193 616 2244 generis
653 2192 789 2232 addito
817 2192 982 2232 articulo
1011 2192 1341 2231 substantivorum
1373 2191 1452 2231 vim
1484 2190 1624 2230 induit.
1683 2191 1792 2238 Quae
1822 2191 2060 2230 consuetudo
2089 2191 2209 2229 etiam
2238 2191 2345 2242 apud

246 2257 527 2309 Antiphontem
557 2256 794 2296 creberrima
822 2261 884 2296 est
915 2268 1043 2306 neque
1071 2254 1311 2294 recentiores
1339 2255 1549 2306 scriptores
1575 2254 1671 2294 talia
1704 2254 1908 2305 participia
1938 2258 1977 2293 et
2002 2253 2197 2292 adiectiva
2225 2254 2344 2304 plane

245 2321 451 2372 ignorant,
490 2320 619 2360 minus
653 2324 784 2359 tamen
821 2319 1072 2369 frequentant
1107 2331 1226 2369 quam
1265 2317 1521 2369 Thucydides
1555 2321 1594 2357 et
1621 2317 1834 2368 Antiphon.
1893 2316 2008 2367 Apud
2043 2316 2343 2367 Xenophontem

247 2383 406 2434 quidem
435 2384 563 2423 rarius
590 2383 655 2422 hic
681 2395 777 2423 usus
804 2382 978 2422 obvenit.

353 2447 534 2497 Denique
561 2451 696 2486 notum
726 2450 787 2486 est
815 2446 1088 2497 Thucydidem
1116 2445 1276 2485 nomina
1304 2444 1561 2484 deverbativa
1589 2444 1629 2483 in
1656 2446 1698 2490 ΐξ
1726 2448 1765 2483 et
1792 2447 1864 2495 της
1892 2443 2075 2493 exeuntia
2114 2455 2233 2494 saepe
2272 2444 2345 2482 ad-

245 2511 395 2551 hibere.
453 2511 489 2550 A
522 2523 686 2563 quorum
715 2510 915 2550 nominum
944 2510 1081 2549 crebro
1110 2521 1183 2548 usu
1211 2509 1330 2559 longe
1357 2508 1545 2548 recedunt
1573 2508 1818 2559 posteriores,
1853 2508 1977 2554 Plato,
2010 2507 2216 2556 Isocrates,
2249 2503 2346 2546 'reli-

245 2574 325 2624 qui,
358 2573 506 2613 recedit
532 2573 653 2613 etiam
677 2574 912 2625 Xenophon.
957 2573 1056 2612 Sunt
1084 2572 1243 2623 quidem
1271 2572 1354 2612 eius
1381 2572 1538 2623 generis
1567 2571 1736 2618 nomina.
1770 2583 1869 2620 quae
1898 2571 2043 2621 passim
2074 2574 2208 2609 extent
2236 2570 2345 2621 apud

243 2637 348 2693 illos,
390 2637 460 2677 sed
488 2637 605 2687 longe
633 2637 845 2676 maximam
875 2641 1026 2687 partem
1055 2640 1257 2689 spernunt.
1314 2636 1431 2675 Iuvat
1458 2636 1520 2675 hic
1548 2647 1795 2682 enumerare,
1829 2646 1930 2684 quae
1959 2633 2120 2673 nomina
2148 2633 2345 2673 deverba—

244 2693 328 2740 tiva
353 2700 395 2740 in
422 2704 463 2747 ΐξ
491 2700 716 2741 desinentia
748 2699 855 2752 apud
883 2699 1156 2750 Thucydidem
1191 2703 1348 2748 extant,
1390 2699 1498 2749 apud
1526 2698 1825 2749 Xenophontem
1861 2709 1937 2736 non
1975 2697 2173 2747 leguntur.
2233 2697 2345 2745 Quae

245 2758 406 2803 nomina
440 2777 490 2803 ne
527 2763 688 2814 reliquis
715 2763 874 2813 quidem
910 2762 1055 2803 aetatis
1083 2763 1394 2814 Xenophontcae
1423 2762 1674 2813 scriptoribus
1712 2761 1961 2811 frequentata
1989 2765 2092 2799 sunt.
2151 2761 2209 2800 Ac
2239 2757 2347 2811 dydi-

245 2840 352 2874 νισις
391 2827 550 2878 quidem
589 2827 697 2879 apud
728 2827 1009 2879 (Thucydidem
1046 2830 1107 2867 cst
1142 2826 1161 2865 I
1199 2828 1260 2875 35,
1295 2830 1337 2874 4,
1383 2822 1577 2878 ἄθροισις
1613 2825 1666 2864 VI
1703 2827 1765 2874 26,
1800 2826 1842 2872 2,
1887 2820 2087 2876 ἀκρόασις
2124 2823 2162 2863 ΙΙ
2200 2826 2262 2873 37,
2298 2826 2342 2868 3:

246 2886 517 2942 ἆλλοτρίωσις
544 2892 563 2930 Ι
592 2894 654 2938 35,
689 2895 733 2938 4;
782 2887 991 2943 ἀνάληψις
1027 2892 1059 2930 V
1089 2893 1158 2939 65,
1193 2893 1237 2938 2,
1285 2887 1511 2935 ἀνάστασις
1546 2890 1565 2928 Ι
1597 2891 1688 2937 126,
1723 2891 1764 2934 6,
1811 2889 1851 2928 ΙΙ
1884 2891 1948 2936 14,
1992 2891 2033 2936 1,
2087 2884 2348 2941 ἀναχόρησις

245 2953 263 2992 Ι
292 2955 357 3003 90,
390 2956 435 3002 2;
470 2950 627 3003 ἄνοιξις
655 2955 710 2994 IV
739 2956 802 3003 67,
836 2957 880 3001 3,
915 2950 1214 3007 ἇντεξόρμησις
1241 2954 1281 2993 II
1309 2956 1373 3002 91,
1407 2955 1451 3001 3;
1485 2948 1706 3004 ἀντίληψις
1734 2952 1753 2991 Ι
1786 2954 1873 3002 120,
1908 2953 1950 2999 2,
1984 2951 2024 2991 II
2053 2953 2117 3002 49,
2151 2955 2198 2999 5,
2232 2947 2347 2992 ἅντι-

2054 3025 2091 3056 l.
