2769 3518
1402 190 1446 225 12

368 307 408 347 II
437 308 472 355 6,
507 309 531 345 4
561 306 629 345 καὶ
658 305 810 344 θέλων.
871 304 975 353 Quin
1004 304 1122 345 etiam
1152 304 1208 354 fit,
1249 309 1291 344 ut
1318 317 1395 344 uno
1423 305 1643 354 eodemque
1671 304 1758 343 loco
1786 305 1914 344 bonae
1942 310 2058 344 notae
2087 304 2198 344 codd.
2232 304 2301 343 alii
2330 304 2478 347 formas

369 382 393 408 a
421 369 575 413 θέλειν,
618 368 688 408 alii
723 368 773 407 ab
812 367 979 408 ἐθέλειν
1015 368 1217 408 derivatas
1254 368 1490 417 exhibeant,
1532 367 1589 407 ita
1624 371 1666 407 ut
1702 379 1915 408 caveamus
1942 379 2107 409 necesse
2136 366 2207 416 sit,
2249 379 2299 407 ne
2327 367 2477 419 passim

369 432 534 472 ἐθέλειν
560 432 814 471 restituamus
842 432 1060 484 praecipue
1087 431 1129 470 in
1157 431 1349 480 formulis,
1383 444 1486 482 quae
1516 431 1728 471 sollemnes
1756 430 1942 471 videntur
1969 443 2072 480 esse,
2105 430 2227 471 veluti
2251 430 2380 470 Anab.
2404 430 2478 469 VII

369 498 406 543 3,
440 497 511 542 31;
545 495 619 533 vn
650 496 684 543 3,
720 497 785 532 43.

473 558 558 598 Nec
588 559 718 598 minus
747 571 771 598 a
799 558 1049 610 Thucydidis
1077 571 1196 610 quam
1225 558 1390 598 aliorum
1420 557 1651 609 antiquioris
1671 557 1826 598 Atticae
1855 557 2018 599 dialecti
2046 559 2275 611 scriptorum
2304 570 2379 598 usu
2407 558 2480 598 ab-

366 623 524 662 horrere
558 622 713 662 videtur
743 622 939 674 scriptura
976 621 1036 669 εἰς
1072 635 1143 673 pro
1182 620 1238 668 ἐς.
1296 621 1418 660 Extat
1452 621 1610 671 quidem
1646 621 1688 661 in
1715 621 1963 672 Thucydidis
1999 622 2114 662 codd.
2146 623 2382 673 quibusdam
2419 623 2478 670 εἰς

366 684 596 736 aliquoties,
639 685 706 725 nbi
740 698 811 737 per
839 698 882 726 se
909 685 1080 737 positum
1109 690 1171 726 est
1196 697 1325 735 neque
1355 697 1443 724 cum
1471 685 1603 725 verbis
1631 689 1699 725 aut
1727 684 1951 725 nominibus
1983 686 2234 727 coniunctum
2262 687 2479 739 composita

367 749 502 797 efficit,
544 753 587 788 ut
615 749 634 787 I
667 752 701 798 1,
738 752 752 786 1
793 745 1051 799 ἀκμάζοντές
1079 763 1122 788 τε
1150 742 1257 800 ᾖσαν
1284 748 1344 795 εἰς
1373 744 1501 788 αὐτὸν
1530 744 1764 801 ἀμφότεροι
1798 747 1895 798 (cod.
1929 748 2117 800 cassel).
2179 749 2220 790 H
2247 751 2311 801 43,
2349 752 2363 789 1
2404 747 2478 803 τὴν

366 811 427 858 εἰς
455 811 552 858 τοὺς
580 812 810 861 πολεμίους
838 810 1032 851 διάνοιαν
1065 812 1231 861 (Cassel.
1263 813 1402 861 Aug.).
1443 812 1503 851 III
1532 816 1569 861 4,
1594 816 1617 850 5
1646 812 1717 850 καὶ
1745 810 1804 857 εἰς
1832 809 1906 864 τὴν
1933 812 2236 862 Λακεδαίμονα
2273 814 2473 863 (Caesel.).

367 875 442 914 VII
472 877 520 913 28
550 868 687 927 ἦλθον
715 874 776 922 εἰς
804 875 998 915 Σικελίαν
1031 875 1198 926 (Cassel.
1225 875 1327 926 Aug.
1362 876 1498 926 Reg.).
1557 875 1637 914 Sed
1665 874 1901 925 optimorum
1930 875 2046 914 codd.
2078 888 2272 916 consensu
2299 876 2356 916 ibi
2384 889 2479 916 con-

366 938 543 977 firmatur
571 937 626 984 ἐς.
686 938 771 977 Iam
800 950 850 978 ea
879 938 929 978 de
958 950 1079 978 causa
1106 950 1184 978 non
1212 942 1291 986 est,
1333 950 1403 977 cur
1429 938 1705 990 Thucydidem
1734 937 2069 990 praepositionem
2097 939 2208 979 illam
2238 939 2370 981 deleto
2398 939 2478 980 iota

367 1014 524 1054 semper
560 1002 613 1042 ad
647 1002 813 1042 eandem
851 1002 1017 1043 formam
1057 1001 1099 1049 ἐς
1135 1003 1343 1054 scripsisse
1380 1014 1586 1054 negemus.
1645 1001 1725 1042 Sed
1762 1001 1973 1042 edocemur
1999 1002 2118 1042 etiam
2155 1004 2478 1056 inscriptionibus

366 1070 460 1106 ante
487 1066 694 1106 Euclidem
724 1066 952 1107 archontem
980 1066 1093 1106 illam
1132 1066 1463 1119 praepositionem
1501 1078 1659 1118 semper
1694 1064 1736 1113 ἐς
1767 1065 1933 1105 incisam
1963 1077 2065 1105 esse.
2124 1067 2237 1114 Quod
2267 1073 2399 1108 autem
2428 1067 2477 1107 de

369 1142 553 1170 saxorum
583 1130 849 1170 inconstantia
875 1130 926 1169 H.
959 1130 1151 1182 Stephani
1179 1130 1411 1170 Thesaurus
1438 1130 1613 1180 adnotat,
1645 1130 1761 1170 nihili
1788 1134 1862 1170 est.
1911 1129 2115 1169 Habemus
2143 1130 2303 1180 quidem
2331 1131 2369 1171 in
2399 1144 2479 1171 una

366 1194 587 1245 eademque
625 1193 882 1244 inscriptione
918 1194 1050 1234 Attica
1084 1194 1183 1233 satis
1219 1194 1401 1245 antiqua,
1441 1207 1570 1244 neque
1606 1198 1738 1233 tamen
1772 1197 1865 1233 ante
1898 1192 2077 1232 Euclidis
2111 1206 2259 1234 annum
2295 1195 2478 1247 ponenda

369 1271 436 1310 ap.
469 1257 647 1298 Boeckh.
679 1257 757 1297 vol.
790 1258 808 1297 Ι
844 1271 883 1309 p.
920 1259 995 1297 126
1025 1262 1064 1298 et
1094 1260 1159 1297 ΕΣ
1186 1262 1225 1298 et
1254 1258 1519 1297 ΕΙΣΦΟΡΑ.
1580 1257 1660 1298 Sed
1695 1270 1764 1309 pro
1800 1261 1905 1297 certo
1934 1257 2081 1297 habere
2109 1269 2318 1310 possumus
2345 1258 2388 1299 id
2415 1271 2479 1299 er-

367 1322 446 1361 rori
475 1321 685 1372 sculptoris
713 1321 991 1372 imputandum
1021 1333 1130 1370 esse,
1171 1321 1239 1371 qui
1266 1320 1503 1360 incuriosius
1530 1320 1632 1360 illud
1658 1320 1739 1360 iota
1767 1321 1918 1369 omisit,
1959 1333 2050 1359 nam
2080 1333 2200 1373 saepe
2227 1326 2480 1362 monumenta
2543 1370 2545 1373 Ι

367 1385 409 1424 ἰῐι
447 1384 583 1435 lapide
621 1384 748 1423 incisa
786 1384 957 1433 singulis
994 1384 1119 1422 literis
1154 1388 1284 1433 egent.
1353 1384 1547 1433 Reliquae
1585 1383 1669 1422 fere
1704 1395 1840 1423 omnes
1876 1383 2174 1434 inscriptiones,
2222 1389 2264 1424 ut
2298 1397 2478 1435 quaeque

369 1459 474 1487 anno
493 1447 671 1486 Euclidis
700 1446 902 1487 antecedit
929 1447 993 1485 vel
1013 1459 1090 1485 non
1120 1446 1333 1494 antecedit,
1365 1445 1481 1484 modo
1508 1445 1551 1484 in
1580 1444 1622 1490 ἐς
1649 1445 1765 1484 modo
1785 1446 1825 1484 in
1855 1445 1914 1491 εἰς
1942 1447 2181 1498 conspirant.
2231 1447 2360 1485 Nimis
2387 1459 2478 1486 vero

368 1513 508 1561 argute
537 1510 674 1561 Poppo
710 1510 738 1548 l.
772 1522 805 1549 c.
839 1508 1082 1560 excogitavit
1116 1513 1206 1561 post
1234 1508 1430 1548 vocabula
1466 1508 1507 1547 in
1536 1512 1577 1555 ἴς
1605 1507 1829 1549 desinentia
1858 1508 1918 1555 εἰς
1950 1522 2028 1549 non
2061 1510 2182 1561 plane
2212 1510 2478 1562 spernendum

366 1574 540 1623 itemque
576 1574 700 1613 verba
735 1585 807 1624 per
843 1572 960 1619 ἐπεις
995 1595 1047 1600 -
1078 1572 1296 1623 composita
1333 1571 1571 1623 excipienda
1607 1583 1697 1611 esse
1732 1572 1782 1611 ob
1817 1584 1957 1612 sonum
1993 1585 2134 1623 parum
2170 1585 2346 1613 suavem.
2406 1573 2480 1612 Vel

368 1640 587 1687 exaggerat
606 1636 804 1687 exempla,
836 1636 919 1685 ubi,
953 1648 1041 1676 cum
1070 1636 1221 1675 vocalis
1249 1635 1382 1675 brevis
1404 1639 1602 1685 sequatur,
1635 1634 1694 1681 εἰς
1722 1635 1938 1675 retineatur
1964 1636 2151 1676 inlibris.
2200 1636 2280 1676 Sed
2309 1636 2480 1676 auctori-

366 1704 448 1739 tate
469 1699 679 1739 Casselani
708 1703 748 1739 et
766 1699 992 1750 Augustani
1021 1698 1119 1738 fisus
1146 1703 1219 1747 est,
1253 1710 1363 1748 quos,
1397 1698 1453 1738 uti
1482 1699 1579 1749 dixi,
1610 1698 1779 1750 optimos
1808 1711 1898 1739 esse
1925 1699 2047 1739 libros
2066 1699 2289 1740 arbitratur.
2335 1700 2481 1740 Nostra

367 1768 499 1803 autem
536 1763 728 1803 memoria
763 1763 866 1803 inter
899 1763 1006 1802 viros
1043 1761 1178 1802 doctos
1214 1766 1369 1802 constat
1403 1761 1571 1813 optimos
1607 1774 1696 1801 esse
1734 1762 1980 1814 Cisalpinum
2020 1767 2060 1803 et
2086 1763 2333 1803 Vaticanum.
2392 1764 2479 1803 Illis

366 1827 488 1877 igitur
524 1827 647 1876 locis,
688 1826 756 1866 ubi
794 1839 881 1866 cum
911 1827 1097 1878 Poppone
1132 1826 1253 1866 etiam
1282 1825 1325 1865 C.
1358 1825 1422 1863 W.
1454 1826 1635 1876 Krueger
1672 1824 1732 1871 εἰς
1765 1825 1908 1866 retinet
1942 1827 2002 1866 III
2031 1829 2093 1875 53,
2128 1830 2150 1865 4
2191 1825 2481 1878 ἐπεισενεγκά-

367 1905 497 1940 μενοι.
551 1890 648 1928 VIII
677 1892 740 1938 35,
775 1891 798 1927 3
829 1887 1179 1928 ἐπεισελθόντων.
1230 1889 1326 1927 VIII
1355 1890 1418 1937 92,
1456 1891 1470 1926 1
1516 1886 1792 1941 ἐπεισαγωγῇ.
1843 1889 1881 1927 Π
1911 1891 1959 1928 38
1995 1888 2282 1942 ἐπεισέρχεται
2309 1890 2479 1942 optimus

368 1954 612 2005 Cisalpimus
650 1953 870 2004 reliquique
910 1953 1037 1992 bonae
1074 1957 1191 1992 notae
1220 1952 1337 1992 codd.
1370 1955 1412 1999 ες
1447 1956 1619 1992 servant.
1679 1954 1736 1991 Ac
1770 1952 1938 2003 primum
1967 1953 2125 2003 quidem
2154 1953 2391 1993 monendum
2421 1957 2481 1992 est

366 2017 543 2064 Graecos
580 2017 763 2068 inprimis
801 2016 1034 2067 antiquioris
1069 2015 1213 2055 aetatis
1243 2015 1455 2066 scriptores
1484 2016 1766 2066 cacophoniam
1801 2016 1919 2055 anxie
1957 2017 2115 2055 omnino
2142 2029 2221 2055 non
2249 2016 2476 2056 evitavisse.

368 2080 579 2131 Reperitur
614 2079 718 2119 enim
756 2092 821 2130 ap.
854 2079 981 2118 Thuc.
1014 2079 1068 2117 IV
1097 2081 1162 2127 94,
1196 2081 1219 2116 4
1258 2074 1570 2117 ἀπετετέλεστο.
1628 2078 1716 2127 VH,
1750 2080 1814 2127 37,
1848 2080 1871 2116 2
1909 2077 2176 2127 ἐπεξέπλεον.
2235 2079 2330 2118 VIII
2358 2081 2421 2129 96,
2456 2081 2478 2117 2

369 2142 653 2195 ἐπεγεγένητο.
714 2142 798 2182 Nec
824 2143 1005 2193 intellegi
1034 2146 1181 2193 potest,
1216 2155 1285 2181 cur
1311 2142 1411 2181 haec
1439 2142 1642 2192 scripserit
1668 2141 1937 2192 Thucydides,
1971 2143 2050 2182 alio
2078 2148 2210 2183 autem
2238 2144 2325 2182 loco
2355 2142 2481 2181 ἐπεσ-

369 2207 522 2245 έπλεον
551 2205 772 2244 evitaverit.
830 2205 919 2252 Qua
954 2204 1004 2244 de
1040 2216 1162 2244 causa
1197 2204 1367 2253 suadeo,
1408 2208 1452 2244 ut
1487 2216 1558 2256 per
1594 2204 1820 2244 universum
1849 2204 2123 2257 Thucydidem
2158 2204 2200 2252 ἐς
2234 2206 2476 2246 restituatur.

368 2271 482 2308 Hanc
511 2269 616 2309 enim
644 2268 810 2307 formam
840 2269 1074 2318 antiquioris
1102 2268 1257 2308 Atticae
1294 2268 1456 2306 dialecti
1493 2268 1689 2318 propriam
1728 2267 1851 2307 fuisse
1887 2268 2007 2307 etiam
2036 2280 2058 2308 e
2087 2268 2205 2308 certis
2242 2268 2479 2318 quibusdam

367 2332 635 2372 locutionibus
664 2335 850 2383 apparet,
885 2343 985 2382 quas
1014 2344 1063 2372 ex
1091 2331 1220 2382 priore
1248 2335 1425 2382 tempore
1453 2342 1635 2370 servasse
1664 2330 1814 2370 Atticos
1843 2331 2071 2382 posterioris
2099 2331 2242 2371 aetatis
2270 2331 2480 2371 Helladius

368 2396 499 2447 prodit
535 2395 650 2434 Phot.
683 2395 770 2433 cod.
803 2396 880 2432 279
908 2407 948 2445 p.
982 2396 1080 2441 525,
1115 2396 1138 2432 2
1178 2393 1217 2432 οἱ
1252 2392 1431 2433 Ἀττικοὶ
1474 2392 1579 2432 κατά
1621 2407 1661 2432 τι
1702 2391 1883 2446 πάτριον
1918 2392 2021 2441 ἔθος
2063 2390 2113 2434 οὗ
2146 2397 2327 2447 χρῶνται
2362 2397 2409 2447 τῇ
2444 2395 2480 2434 εἶ

370 2456 593 2511 ὄιφθόγγῳ
624 2457 669 2497 ἐν
698 2463 754 2509 τῷ
782 2458 918 2508 λέγειν
956 2456 997 2504 ἐς
1026 2456 1208 2509 κόρακας
1235 2455 1259 2510 ἢ
1297 2457 1338 2503 ἐς
1373 2460 1597 2508 μακαρίαν,
1645 2454 1737 2495 ἄλλ’
1770 2455 1869 2497 ἄνευ
1904 2462 1978 2497 τοῦ
2015 2456 2211 2510 διχρόνου
2244 2457 2481 2510 ἕκφωνοῦσι

369 2520 445 2575 τὴν
474 2520 705 2573 πρόθεσιν·
740 2520 811 2561 ἐπὶ
840 2520 884 2560 δὲ
913 2525 994 2561 τῶν
1023 2517 1160 2561 ἄλλων
1189 2517 1392 2561 ἁπάντων
1420 2520 1490 2560 καὶ
1509 2518 1612 2570 μετὰ
1632 2525 1705 2561 τοῦ
1724 2519 1920 2574 ὁιχρόνου
1947 2522 2017 2561 καὶ
2044 2521 2172 2574 χωρὶς
2191 2526 2265 2562 τοῦ
2285 2520 2480 2574 διχρόνου

369 2584 444 2638 τὴν
473 2584 686 2636 πρόθεσιν
714 2585 919 2636 λέγουσιν.
979 2585 1159 2625 Comicos
1186 2590 1279 2625 ante
1307 2585 1486 2624 vocalem
1524 2584 1723 2625 abstinere
1751 2598 1776 2624 a
1802 2585 1929 2624 forma
1958 2583 1999 2632 ἐς
2027 2589 2068 2625 et
2094 2584 2154 2632 εἰς
2181 2585 2354 2626 scribere
2382 2586 2480 2625 Por-

368 2662 490 2688 sonus
528 2648 656 2699 praef.
688 2648 740 2686 ad
769 2648 905 2698 Eurip.
937 2649 1035 2687 Hec.
1066 2662 1106 2699 p.
1139 2649 1231 2687 LIII
1265 2648 1567 2694 animadvertit,
1610 2653 1670 2686 cul
1707 2648 1863 2687 addidit
1895 2648 1946 2686 G.
1977 2649 2160 2687 Dindorf.
2191 2649 2245 2687 ad
2272 2650 2476 2700 Aristoph.

367 2711 468 2752 Ach.
502 2713 578 2751 242
615 2723 666 2751 ne
703 2710 877 2762 tragicos
914 2711 1078 2762 quidem.
1112 2712 1190 2752 nisi
1225 2716 1350 2752 metro
1387 2715 1554 2761 cogente
1587 2711 1777 2752 adhibere
1805 2711 1969 2751 formam
2000 2710 2054 2761 ἐς,
2095 2716 2188 2752 ante
2216 2717 2480 2752 consonantes

367 2780 554 2826 utrosque
583 2775 710 2815 forma
739 2773 781 2821 ἐς
809 2775 878 2814 uti.

476 2838 753 2890 Xenophontis
783 2838 872 2877 libri
902 2839 1080 2889 plerique
1108 2839 1149 2877 in
1179 2839 1375 2890 scriptura
1403 2837 1463 2884 εἰς
1492 2839 1752 2878 consentiunt.
1802 2839 1946 2878 Forma
1976 2837 2018 2885 ἐς
2045 2839 2291 2889 aliquantum
2320 2839 2481 2890 saepius

368 2915 487 2952 quam
515 2903 555 2941 in
584 2902 749 2952 reliquis
778 2902 889 2940 libris
917 2902 958 2940 in
982 2902 1202 2941 Hellenicis
1230 2902 1378 2951 legitur
1403 2901 1614 2951 praecipue
1642 2901 1682 2939 in
1711 2901 1889 2940 formulis
1917 2906 2037 2950 atque
2064 2905 2158 2940 ante
2186 2901 2410 2940 numeralia
2438 2901 2481 2947 ἐς

368 2962 455 3015 δύο,
500 2963 542 3011 ἐς
571 2971 693 3017 τρεῖς,
729 2962 771 3011 ἐς
801 2959 907 3003 ὀκτώ
942 2963 1001 3003 111
1033 2966 1067 3014 1,
1102 2966 1151 3003 22
1180 2963 1301 3007 alibi:
1345 2962 1386 3011 ἐς
1416 2959 1600 3012 ὁπόσους
1629 2964 1682 3004 IV
1711 2966 1748 3012 2,
1785 2964 1852 3012 13;
1895 2967 1977 3003 tum
2007 2962 2218 3015 ἐσβαίνειν
2244 2964 2262 3004 I
2292 2965 2329 3013 6,
2362 2967 2408 3004 21
2441 2969 2498 3005 et·
