<?xml version="1.0" encoding="UTF-8"?>
<!DOCTYPE html PUBLIC "-//W3C//DTD XHTML 1.0 Transitional//EN"
    "http://www.w3.org/TR/xhtml1/DTD/xhtml1-transitional.dtd">
<html xmlns="http://www.w3.org/1999/xhtml" xml:lang="en" lang="en">
 <head>
  <title>
</title>
<meta http-equiv="Content-Type" content="text/html;charset=utf-8" />
  <meta name='ocr-system' content='tesseract 3.04.00' />
  <meta name='ocr-capabilities' content='ocr_page ocr_carea ocr_par ocr_line ocrx_word'/>
</head>
<body>
  <div class='ocr_page' id='page_1' title='image "4768890_0016.png"; bbox 0 0 2769 3518; ppageno 0'>
   <div class='ocr_carea' id='block_1_1' title="bbox 1387 220 1410 257">
    <p class='ocr_par' dir='ltr' id='par_1_1' title="bbox 1387 220 1410 257">
     <span class='ocr_line' id='line_1_1' title="bbox 1387 220 1410 257; baseline 0 0"><span class='ocrx_word' id='word_1_1' title='bbox 1387 220 1410 257; x_wconf 90' lang='lat'>8</span> 
     </span>
    </p>
   </div>
   <div class='ocr_carea' id='block_1_2' title="bbox 346 331 2465 2919">
    <p class='ocr_par' dir='ltr' id='par_1_2' title="bbox 346 331 2463 2729">
     <span class='ocr_line' id='line_1_2' title="bbox 348 331 2459 388; baseline -0.002 -12"><span class='ocrx_word' id='word_1_2' title='bbox 348 336 555 388; x_wconf 87' lang='lat' dir='ltr'>probanda</span> <span class='ocrx_word' id='word_1_3' title='bbox 581 335 738 375; x_wconf 85' lang='lat' dir='ltr'>videtur</span> <span class='ocrx_word' id='word_1_4' title='bbox 765 346 870 375; x_wconf 90' lang='lat' dir='ltr'>esse.</span> <span class='ocrx_word' id='word_1_5' title='bbox 929 334 1009 374; x_wconf 88' lang='lat' dir='ltr'>Ubi</span> <span class='ocrx_word' id='word_1_6' title='bbox 1038 346 1131 374; x_wconf 85' lang='lat' dir='ltr'>vero</span> <span class='ocrx_word' id='word_1_7' title='bbox 1159 334 1223 374; x_wconf 88' lang='lat' dir='ltr'>vel</span> <span class='ocrx_word' id='word_1_8' title='bbox 1252 334 1384 375; x_wconf 85' lang='lat' dir='ltr'>bonae</span> <span class='ocrx_word' id='word_1_9' title='bbox 1411 338 1528 374; x_wconf 86' lang='lat' dir='ltr'>notae</span> <span class='ocrx_word' id='word_1_10' title='bbox 1556 333 1713 373; x_wconf 86' lang='lat' dir='ltr'>codices</span> <span class='ocrx_word' id='word_1_11' title='bbox 1742 331 1820 373; x_wconf 89' lang='grc' dir='ltr'>σύν</span> <span class='ocrx_word' id='word_1_12' title='bbox 1846 337 1887 373; x_wconf 89' lang='lat' dir='ltr'>et</span> <span class='ocrx_word' id='word_1_13' title='bbox 1915 345 1994 374; x_wconf 88' lang='grc' dir='ltr'>συν</span> <span class='ocrx_word' id='word_1_14' title='bbox 2018 356 2072 363; x_wconf 91' lang='grc'>-</span> <span class='ocrx_word' id='word_1_15' title='bbox 2097 333 2271 384; x_wconf 87' lang='lat' dir='ltr'>tradunt,</span> <span class='ocrx_word' id='word_1_16' title='bbox 2308 332 2366 374; x_wconf 86' lang='lat' dir='ltr'>uti</span> <span class='ocrx_word' id='word_1_17' title='bbox 2393 345 2459 386; x_wconf 87' lang='lat' dir='ltr'>ap.</span> 
     </span>
     <span class='ocr_line' id='line_1_3' title="bbox 349 394 2457 449; baseline -0.001 -10"><span class='ocrx_word' id='word_1_18' title='bbox 349 400 475 439; x_wconf 90' lang='lat' dir='ltr'>Thuc.</span> <span class='ocrx_word' id='word_1_19' title='bbox 508 399 526 437; x_wconf 97' lang='lat' dir='ltr'><strong>I</strong></span> <span class='ocrx_word' id='word_1_20' title='bbox 558 402 590 446; x_wconf 91' lang='lat'>1,</span> <span class='ocrx_word' id='word_1_21' title='bbox 629 402 663 436; x_wconf 88' lang='grc'>1.</span> <span class='ocrx_word' id='word_1_22' title='bbox 723 398 1017 438; x_wconf 79' lang='lat' dir='ltr'><strong>Laurentianus</strong></span> <span class='ocrx_word' id='word_1_23' title='bbox 1045 398 1090 437; x_wconf 89' lang='lat' dir='ltr'>C.</span> <span class='ocrx_word' id='word_1_24' title='bbox 1123 399 1365 449; x_wconf 80' lang='grc' dir='ltr'><strong><em>συνέγραψε</em></strong></span> <span class='ocrx_word' id='word_1_25' title='bbox 1393 402 1433 437; x_wconf 87' lang='lat' dir='ltr'>et</span> <span class='ocrx_word' id='word_1_26' title='bbox 1462 394 1764 446; x_wconf 80' lang='grc' dir='ltr'><strong><em>συνιστάμενον</em></strong></span> <span class='ocrx_word' id='word_1_27' title='bbox 1790 396 1963 446; x_wconf 84' lang='lat' dir='ltr'>exhibet,</span> <span class='ocrx_word' id='word_1_28' title='bbox 1998 402 2038 438; x_wconf 89' lang='lat' dir='ltr'>et</span> <span class='ocrx_word' id='word_1_29' title='bbox 2064 398 2084 437; x_wconf 95' lang='lat' dir='ltr'><strong>I</strong></span> <span class='ocrx_word' id='word_1_30' title='bbox 2115 401 2148 446; x_wconf 85' lang='lat'>1,</span> <span class='ocrx_word' id='word_1_31' title='bbox 2174 400 2197 435; x_wconf 86' lang='lat'><strong>2</strong></span> <span class='ocrx_word' id='word_1_32' title='bbox 2226 398 2457 447; x_wconf 77' lang='grc' dir='ltr'><em>συμβαίνει,</em></span> 
     </span>
     <span class='ocr_line' id='line_1_4' title="bbox 348 460 2463 513; baseline -0.001 -11"><span class='ocrx_word' id='word_1_33' title='bbox 348 462 465 502; x_wconf 92' lang='lat' dir='ltr'>huius</span> <span class='ocrx_word' id='word_1_34' title='bbox 500 462 717 513; x_wconf 82' lang='lat' dir='ltr'>scripturae</span> <span class='ocrx_word' id='word_1_35' title='bbox 755 473 850 501; x_wconf 90' lang='lat' dir='ltr'>usus</span> <span class='ocrx_word' id='word_1_36' title='bbox 887 461 1064 502; x_wconf 90' lang='lat' dir='ltr'>incuriae</span> <span class='ocrx_word' id='word_1_37' title='bbox 1102 461 1348 501; x_wconf 85' lang='lat' dir='ltr'>librariorum</span> <span class='ocrx_word' id='word_1_38' title='bbox 1371 460 1641 513; x_wconf 39' lang='lat' dir='ltr'>,imputandus</span> <span class='ocrx_word' id='word_1_39' title='bbox 1677 465 1752 500; x_wconf 90' lang='lat' dir='ltr'>est.</span> <span class='ocrx_word' id='word_1_40' title='bbox 1814 460 1917 499; x_wconf 89' lang='lat' dir='ltr'>Nam</span> <span class='ocrx_word' id='word_1_41' title='bbox 1950 461 2070 502; x_wconf 90' lang='lat' dir='ltr'>huius</span> <span class='ocrx_word' id='word_1_42' title='bbox 2098 462 2337 513; x_wconf 75' lang='lat' dir='ltr'>scripturae,</span> <span class='ocrx_word' id='word_1_43' title='bbox 2377 460 2463 500; x_wconf 89' lang='lat' dir='ltr'>eins</span> 
     </span>
     <span class='ocr_line' id='line_1_5' title="bbox 350 522 2462 576; baseline -0 -11"><span class='ocrx_word' id='word_1_44' title='bbox 350 526 514 574; x_wconf 88' lang='lat' dir='ltr'>scilicet,</span> <span class='ocrx_word' id='word_1_45' title='bbox 548 537 651 575; x_wconf 86' lang='lat' dir='ltr'>quae</span> <span class='ocrx_word' id='word_1_46' title='bbox 680 522 758 564; x_wconf 87' lang='grc' dir='ltr'>σύν</span> <span class='ocrx_word' id='word_1_47' title='bbox 786 525 918 570; x_wconf 86' lang='lat' dir='ltr'>habet.</span> <span class='ocrx_word' id='word_1_48' title='bbox 957 529 1040 564; x_wconf 92' lang='lat' dir='ltr'>tam</span> <span class='ocrx_word' id='word_1_49' title='bbox 1069 537 1159 564; x_wconf 88' lang='lat' dir='ltr'>rara</span> <span class='ocrx_word' id='word_1_50' title='bbox 1189 525 1375 576; x_wconf 85' lang='lat' dir='ltr'>exempla</span> <span class='ocrx_word' id='word_1_51' title='bbox 1403 529 1552 573; x_wconf 82' lang='lat' dir='ltr'>extant,</span> <span class='ocrx_word' id='word_1_52' title='bbox 1586 529 1641 572; x_wconf 82' lang='lat' dir='ltr'>ut,</span> <span class='ocrx_word' id='word_1_53' title='bbox 1683 523 1843 563; x_wconf 89' lang='lat' dir='ltr'>etiamsi</span> <span class='ocrx_word' id='word_1_54' title='bbox 1871 524 2028 575; x_wconf 89' lang='lat' dir='ltr'>lapides</span> <span class='ocrx_word' id='word_1_55' title='bbox 2057 537 2129 564; x_wconf 91' lang='lat' dir='ltr'>nos</span> <span class='ocrx_word' id='word_1_56' title='bbox 2157 537 2245 565; x_wconf 89' lang='lat' dir='ltr'>eam</span> <span class='ocrx_word' id='word_1_57' title='bbox 2275 537 2356 565; x_wconf 87' lang='lat' dir='ltr'>rem</span> <span class='ocrx_word' id='word_1_58' title='bbox 2384 536 2462 564; x_wconf 91' lang='lat' dir='ltr'>non</span> 
     </span>
     <span class='ocr_line' id='line_1_6' title="bbox 349 585 2463 640; baseline -0.001 -12"><span class='ocrx_word' id='word_1_59' title='bbox 349 588 580 637; x_wconf 78' lang='lat' dir='ltr'>edocerent,</span> <span class='ocrx_word' id='word_1_60' title='bbox 622 588 803 628; x_wconf 86' lang='lat' dir='ltr'>dubitare</span> <span class='ocrx_word' id='word_1_61' title='bbox 832 601 911 628; x_wconf 90' lang='lat' dir='ltr'>non</span> <span class='ocrx_word' id='word_1_62' title='bbox 939 592 1120 640; x_wconf 80' lang='lat' dir='ltr'>oporteat</span> <span class='ocrx_word' id='word_1_63' title='bbox 1146 587 1318 628; x_wconf 88' lang='lat' dir='ltr'>editores</span> <span class='ocrx_word' id='word_1_64' title='bbox 1348 585 1422 636; x_wconf 81' lang='grc' dir='ltr'>ξύν</span> <span class='ocrx_word' id='word_1_65' title='bbox 1449 600 1522 638; x_wconf 86' lang='lat' dir='ltr'>per</span> <span class='ocrx_word' id='word_1_66' title='bbox 1548 586 1824 638; x_wconf 86' lang='lat' dir='ltr'>Thucydidem</span> <span class='ocrx_word' id='word_1_67' title='bbox 1859 587 2083 628; x_wconf 86' lang='lat' dir='ltr'>restituere.</span> <span class='ocrx_word' id='word_1_68' title='bbox 2140 588 2226 628; x_wconf 87' lang='lat' dir='ltr'>Nec</span> <span class='ocrx_word' id='word_1_69' title='bbox 2253 588 2361 640; x_wconf 90' lang='lat' dir='ltr'>apud</span> <span class='ocrx_word' id='word_1_70' title='bbox 2388 585 2463 627; x_wconf 89' lang='lat' dir='ltr'>So-</span> 
     </span>
     <span class='ocr_line' id='line_1_7' title="bbox 347 650 2462 702; baseline -0 -12"><span class='ocrx_word' id='word_1_71' title='bbox 347 652 527 702; x_wconf 87' lang='lat' dir='ltr'>phoclem</span> <span class='ocrx_word' id='word_1_72' title='bbox 556 656 597 690; x_wconf 91' lang='lat' dir='ltr'>et</span> <span class='ocrx_word' id='word_1_73' title='bbox 615 651 846 702; x_wconf 86' lang='lat' dir='ltr'>Euripidem</span> <span class='ocrx_word' id='word_1_74' title='bbox 874 652 978 691; x_wconf 89' lang='lat' dir='ltr'>hanc</span> <span class='ocrx_word' id='word_1_75' title='bbox 1006 651 1242 702; x_wconf 87' lang='lat' dir='ltr'>scripturam</span> <span class='ocrx_word' id='word_1_76' title='bbox 1267 650 1523 690; x_wconf 88' lang='lat' dir='ltr'>reiiciendam</span> <span class='ocrx_word' id='word_1_77' title='bbox 1548 662 1638 689; x_wconf 89' lang='lat' dir='ltr'>esse</span> <span class='ocrx_word' id='word_1_78' title='bbox 1657 662 1812 698; x_wconf 88' lang='lat' dir='ltr'>censeo,</span> <span class='ocrx_word' id='word_1_79' title='bbox 1846 650 1915 689; x_wconf 91' lang='lat' dir='ltr'>ubi</span> <span class='ocrx_word' id='word_1_80' title='bbox 1944 663 2015 701; x_wconf 89' lang='lat' dir='ltr'>per</span> <span class='ocrx_word' id='word_1_81' title='bbox 2033 656 2201 691; x_wconf 91' lang='lat' dir='ltr'>metrum</span> <span class='ocrx_word' id='word_1_82' title='bbox 2221 657 2260 691; x_wconf 90' lang='lat' dir='ltr'>et</span> <span class='ocrx_word' id='word_1_83' title='bbox 2278 661 2462 690; x_wconf 88' lang='lat' dir='ltr'>numeros</span> 
     </span>
     <span class='ocr_line' id='line_1_8' title="bbox 348 713 2462 764; baseline 0 -12"><span class='ocrx_word' id='word_1_84' title='bbox 348 715 452 753; x_wconf 92' lang='lat' dir='ltr'>licet.</span> <span class='ocrx_word' id='word_1_85' title='bbox 511 714 662 764; x_wconf 89' lang='lat' dir='ltr'>Reponi</span> <span class='ocrx_word' id='word_1_86' title='bbox 699 714 801 753; x_wconf 92' lang='lat' dir='ltr'>hanc</span> <span class='ocrx_word' id='word_1_87' title='bbox 829 715 994 753; x_wconf 88' lang='lat' dir='ltr'>formam</span> <span class='ocrx_word' id='word_1_88' title='bbox 1032 714 1114 753; x_wconf 88' lang='lat' dir='ltr'>iam</span> <span class='ocrx_word' id='word_1_89' title='bbox 1143 715 1305 753; x_wconf 86' lang='lat' dir='ltr'>Porson.</span> <span class='ocrx_word' id='word_1_90' title='bbox 1337 714 1390 752; x_wconf 91' lang='lat' dir='ltr'>ad</span> <span class='ocrx_word' id='word_1_91' title='bbox 1417 714 1511 751; x_wconf 87' lang='lat' dir='ltr'>Eur.</span> <span class='ocrx_word' id='word_1_92' title='bbox 1543 713 1642 752; x_wconf 83' lang='lat' dir='ltr'>Hoc.</span> <span class='ocrx_word' id='word_1_93' title='bbox 1677 715 1750 750; x_wconf 88' lang='grc'>112</span> <span class='ocrx_word' id='word_1_94' title='bbox 1782 713 1864 751; x_wconf 89' lang='lat' dir='ltr'>illis</span> <span class='ocrx_word' id='word_1_95' title='bbox 1892 713 2189 754; x_wconf 89' lang='lat' dir='ltr'>condicionibus</span> <span class='ocrx_word' id='word_1_96' title='bbox 2216 714 2354 763; x_wconf 86' lang='lat' dir='ltr'>iussit,</span> <span class='ocrx_word' id='word_1_97' title='bbox 2395 713 2462 764; x_wconf 91' lang='lat' dir='ltr'>qui</span> 
     </span>
     <span class='ocr_line' id='line_1_9' title="bbox 348 775 2462 829; baseline 0 -14"><span class='ocrx_word' id='word_1_98' title='bbox 348 776 424 816; x_wconf 85' lang='grc' dir='ltr'>σύν</span> <span class='ocrx_word' id='word_1_99' title='bbox 452 781 661 827; x_wconf 89' lang='lat' dir='ltr'>praeterea</span> <span class='ocrx_word' id='word_1_100' title='bbox 689 789 849 816; x_wconf 88' lang='lat' dir='ltr'>servare</span> <span class='ocrx_word' id='word_1_101' title='bbox 879 779 965 817; x_wconf 87' lang='lat' dir='ltr'>vult</span> <span class='ocrx_word' id='word_1_102' title='bbox 992 778 1215 829; x_wconf 86' lang='lat' dir='ltr'>euphoniae</span> <span class='ocrx_word' id='word_1_103' title='bbox 1241 777 1383 828; x_wconf 71' lang='lat' dir='ltr'>gratia,</span> <span class='ocrx_word' id='word_1_104' title='bbox 1425 777 1535 815; x_wconf 87' lang='lat' dir='ltr'>velut</span> <span class='ocrx_word' id='word_1_105' title='bbox 1564 776 1685 827; x_wconf 90' lang='lat' dir='ltr'>Soph.</span> <span class='ocrx_word' id='word_1_106' title='bbox 1718 776 1821 814; x_wconf 91' lang='lat' dir='ltr'>Phil.</span> <span class='ocrx_word' id='word_1_107' title='bbox 1860 778 1931 814; x_wconf 81' lang='lat'>122</span> <span class='ocrx_word' id='word_1_108' title='bbox 1970 775 2146 829; x_wconf 76' lang='grc' dir='ltr'><strong><em>ἐπείπερ</em></strong></span> <span class='ocrx_word' id='word_1_109' title='bbox 2180 775 2362 825; x_wconf 82' lang='grc' dir='ltr'><em>εἰσάπαξ</em></span> <span class='ocrx_word' id='word_1_110' title='bbox 2389 789 2462 815; x_wconf 88' lang='grc' dir='ltr'>συ-</span> 
     </span>
     <span class='ocr_line' id='line_1_10' title="bbox 347 837 2457 891; baseline -0 -13"><span class='ocrx_word' id='word_1_111' title='bbox 347 838 513 890; x_wconf 83' lang='grc' dir='ltr'><strong><em>νῄνεσα,</em></strong></span> <span class='ocrx_word' id='word_1_112' title='bbox 547 852 624 889; x_wconf 91' lang='lat' dir='ltr'>quo</span> <span class='ocrx_word' id='word_1_113' title='bbox 653 840 752 889; x_wconf 90' lang='lat' dir='ltr'>loco,</span> <span class='ocrx_word' id='word_1_114' title='bbox 787 845 830 879; x_wconf 90' lang='lat' dir='ltr'>ut</span> <span class='ocrx_word' id='word_1_115' title='bbox 858 841 955 880; x_wconf 91' lang='lat' dir='ltr'>mihi</span> <span class='ocrx_word' id='word_1_116' title='bbox 984 841 1143 890; x_wconf 91' lang='lat' dir='ltr'>quidem</span> <span class='ocrx_word' id='word_1_117' title='bbox 1173 840 1340 889; x_wconf 86' lang='lat' dir='ltr'>videtur,</span> <span class='ocrx_word' id='word_1_118' title='bbox 1373 837 1574 890; x_wconf 82' lang='grc' dir='ltr'><strong><em>ξυνῄνεσα</em></strong></span> <span class='ocrx_word' id='word_1_119' title='bbox 1595 839 1732 890; x_wconf 90' lang='lat' dir='ltr'>reponi</span> <span class='ocrx_word' id='word_1_120' title='bbox 1752 839 1837 879; x_wconf 91' lang='lat' dir='ltr'>sine</span> <span class='ocrx_word' id='word_1_121' title='bbox 1861 840 1942 879; x_wconf 92' lang='lat' dir='ltr'>ullo</span> <span class='ocrx_word' id='word_1_122' title='bbox 1970 845 2112 890; x_wconf 63' lang='lat' dir='ltr'>potitae</span> <span class='ocrx_word' id='word_1_123' title='bbox 2141 841 2287 880; x_wconf 87' lang='lat' dir='ltr'>damno</span> <span class='ocrx_word' id='word_1_124' title='bbox 2316 844 2457 891; x_wconf 85' lang='lat' dir='ltr'>potest.</span> 
     </span>
     <span class='ocr_line' id='line_1_11' title="bbox 347 902 2461 955; baseline 0 -14"><span class='ocrx_word' id='word_1_125' title='bbox 347 903 537 942; x_wconf 88' lang='lat' dir='ltr'>Elmsleio</span> <span class='ocrx_word' id='word_1_126' title='bbox 571 909 704 944; x_wconf 91' lang='lat' dir='ltr'>autem</span> <span class='ocrx_word' id='word_1_127' title='bbox 733 904 786 943; x_wconf 91' lang='lat' dir='ltr'>ad</span> <span class='ocrx_word' id='word_1_128' title='bbox 814 903 960 944; x_wconf 91' lang='lat' dir='ltr'>Aesch.</span> <span class='ocrx_word' id='word_1_129' title='bbox 992 904 1121 944; x_wconf 92' lang='lat' dir='ltr'>Prom.</span> <span class='ocrx_word' id='word_1_130' title='bbox 1155 906 1204 943; x_wconf 81' lang='lat'>39</span> <span class='ocrx_word' id='word_1_131' title='bbox 1238 902 1315 943; x_wconf 86' lang='grc' dir='ltr'>σύν</span> <span class='ocrx_word' id='word_1_132' title='bbox 1352 907 1442 955; x_wconf 89' lang='lat' dir='ltr'>post</span> <span class='ocrx_word' id='word_1_133' title='bbox 1471 903 1630 944; x_wconf 88' lang='lat' dir='ltr'>brevem</span> <span class='ocrx_word' id='word_1_134' title='bbox 1659 903 1836 943; x_wconf 90' lang='lat' dir='ltr'>vocalem</span> <span class='ocrx_word' id='word_1_135' title='bbox 1867 902 2012 953; x_wconf 90' lang='lat' dir='ltr'>ubique</span> <span class='ocrx_word' id='word_1_136' title='bbox 2040 903 2344 955; x_wconf 89' lang='lat' dir='ltr'>praeferendum</span> <span class='ocrx_word' id='word_1_137' title='bbox 2371 915 2461 943; x_wconf 89' lang='lat' dir='ltr'>esse</span> 
     </span>
     <span class='ocr_line' id='line_1_12' title="bbox 346 965 2460 1020; baseline 0 -16"><span class='ocrx_word' id='word_1_138' title='bbox 346 978 420 1004; x_wconf 89' lang='lat' dir='ltr'>nec</span> <span class='ocrx_word' id='word_1_139' title='bbox 448 966 525 1004; x_wconf 92' lang='lat' dir='ltr'>nisi</span> <span class='ocrx_word' id='word_1_140' title='bbox 552 978 691 1005; x_wconf 86' lang='lat' dir='ltr'>versus</span> <span class='ocrx_word' id='word_1_141' title='bbox 718 967 834 1006; x_wconf 90' lang='lat' dir='ltr'>initio</span> <span class='ocrx_word' id='word_1_142' title='bbox 863 972 933 1006; x_wconf 90' lang='lat' dir='ltr'>aut</span> <span class='ocrx_word' id='word_1_143' title='bbox 968 967 1082 1006; x_wconf 91' lang='lat' dir='ltr'>metri</span> <span class='ocrx_word' id='word_1_144' title='bbox 1111 978 1234 1005; x_wconf 88' lang='lat' dir='ltr'>causa</span> <span class='ocrx_word' id='word_1_145' title='bbox 1269 965 1343 1014; x_wconf 82' lang='grc' dir='ltr'>ξύν</span> <span class='ocrx_word' id='word_1_146' title='bbox 1370 966 1596 1018; x_wconf 89' lang='lat' dir='ltr'>ponendum</span> <span class='ocrx_word' id='word_1_147' title='bbox 1624 965 1844 1005; x_wconf 83' lang='lat' dir='ltr'>videbatur.</span> <span class='ocrx_word' id='word_1_148' title='bbox 1906 966 2041 1018; x_wconf 87' lang='lat' dir='ltr'>Longe</span> <span class='ocrx_word' id='word_1_149' title='bbox 2077 967 2262 1020; x_wconf 87' lang='lat' dir='ltr'>plurimis</span> <span class='ocrx_word' id='word_1_150' title='bbox 2290 966 2460 1017; x_wconf 87' lang='lat' dir='ltr'>denique</span> 
     </span>
     <span class='ocr_line' id='line_1_13' title="bbox 346 1029 2458 1082; baseline 0 -14"><span class='ocrx_word' id='word_1_151' title='bbox 346 1031 445 1068; x_wconf 91' lang='lat' dir='ltr'>locis</span> <span class='ocrx_word' id='word_1_152' title='bbox 483 1029 557 1077; x_wconf 85' lang='grc' dir='ltr'>ξύν</span> <span class='ocrx_word' id='word_1_153' title='bbox 594 1037 797 1071; x_wconf 89' lang='lat' dir='ltr'>servatum</span> <span class='ocrx_word' id='word_1_154' title='bbox 834 1037 896 1071; x_wconf 89' lang='lat' dir='ltr'>est</span> <span class='ocrx_word' id='word_1_155' title='bbox 931 1032 1038 1082; x_wconf 92' lang='lat' dir='ltr'>apud</span> <span class='ocrx_word' id='word_1_156' title='bbox 1066 1032 1393 1081; x_wconf 87' lang='lat' dir='ltr'>Aristophanem,</span> <span class='ocrx_word' id='word_1_157' title='bbox 1434 1031 1507 1069; x_wconf 91' lang='lat' dir='ltr'>sed</span> <span class='ocrx_word' id='word_1_158' title='bbox 1542 1042 1592 1068; x_wconf 91' lang='lat' dir='ltr'>ne</span> <span class='ocrx_word' id='word_1_159' title='bbox 1628 1031 1736 1080; x_wconf 89' lang='lat' dir='ltr'>apud</span> <span class='ocrx_word' id='word_1_160' title='bbox 1772 1042 1862 1069; x_wconf 88' lang='lat' dir='ltr'>eum</span> <span class='ocrx_word' id='word_1_161' title='bbox 1900 1031 2059 1079; x_wconf 92' lang='lat' dir='ltr'>quidem</span> <span class='ocrx_word' id='word_1_162' title='bbox 2097 1032 2243 1070; x_wconf 86' lang='lat' dir='ltr'>desunt</span> <span class='ocrx_word' id='word_1_163' title='bbox 2274 1032 2315 1069; x_wconf 91' lang='lat' dir='ltr'>in</span> <span class='ocrx_word' id='word_1_164' title='bbox 2342 1031 2458 1070; x_wconf 88' lang='lat' dir='ltr'>codd.</span> 
     </span>
     <span class='ocr_line' id='line_1_14' title="bbox 346 1088 2456 1146; baseline -0.001 -13"><span class='ocrx_word' id='word_1_165' title='bbox 346 1093 483 1144; x_wconf 91' lang='lat' dir='ltr'>aliqua</span> <span class='ocrx_word' id='word_1_166' title='bbox 511 1093 731 1146; x_wconf 84' lang='lat' dir='ltr'>scripturae</span> <span class='ocrx_word' id='word_1_167' title='bbox 760 1094 925 1135; x_wconf 90' lang='lat' dir='ltr'>alterius</span> <span class='ocrx_word' id='word_1_168' title='bbox 953 1094 1151 1146; x_wconf 86' lang='lat' dir='ltr'>exempla,</span> <span class='ocrx_word' id='word_1_169' title='bbox 1184 1093 1239 1133; x_wconf 90' lang='lat' dir='ltr'>uti</span> <span class='ocrx_word' id='word_1_170' title='bbox 1260 1093 1364 1133; x_wconf 87' lang='lat' dir='ltr'>Nub.</span> <span class='ocrx_word' id='word_1_171' title='bbox 1388 1094 1438 1132; x_wconf 86' lang='lat'>49</span> <span class='ocrx_word' id='word_1_172' title='bbox 1468 1091 1622 1145; x_wconf 84' lang='grc' dir='ltr'><strong><em>ταύτην</em></strong></span> <span class='ocrx_word' id='word_1_173' title='bbox 1649 1088 1716 1132; x_wconf 77' lang='grc' dir='ltr'>ὅτ’</span> <span class='ocrx_word' id='word_1_174' title='bbox 1748 1090 1931 1143; x_wconf 80' lang='grc' dir='ltr'><strong><em>ἐγάμουν</em></strong></span> <span class='ocrx_word' id='word_1_175' title='bbox 1959 1092 2338 1146; x_wconf 77' lang='grc' dir='ltr'><strong><em>συγκατεκλινόμην</em></strong></span> <span class='ocrx_word' id='word_1_176' title='bbox 2366 1090 2456 1144; x_wconf 79' lang='grc' dir='ltr'><strong><em>ἐγώ.</em></strong></span> 
     </span>
     <span class='ocr_line' id='line_1_15' title="bbox 348 1154 2462 1208; baseline 0 -13"><span class='ocrx_word' id='word_1_177' title='bbox 348 1156 430 1196; x_wconf 86' lang='lat' dir='ltr'>Sed</span> <span class='ocrx_word' id='word_1_178' title='bbox 465 1157 570 1197; x_wconf 90' lang='lat' dir='ltr'>hanc</span> <span class='ocrx_word' id='word_1_179' title='bbox 606 1170 762 1208; x_wconf 90' lang='lat' dir='ltr'>quoque</span> <span class='ocrx_word' id='word_1_180' title='bbox 799 1157 979 1198; x_wconf 90' lang='lat' dir='ltr'>codicum</span> <span class='ocrx_word' id='word_1_181' title='bbox 1013 1157 1317 1197; x_wconf 85' lang='lat' dir='ltr'>inconstantiam</span> <span class='ocrx_word' id='word_1_182' title='bbox 1353 1157 1524 1196; x_wconf 91' lang='lat' dir='ltr'>librariis</span> <span class='ocrx_word' id='word_1_183' title='bbox 1559 1156 1809 1196; x_wconf 76' lang='lat' dir='ltr'>tribuendam</span> <span class='ocrx_word' id='word_1_184' title='bbox 1837 1161 1877 1196; x_wconf 91' lang='lat' dir='ltr'>et</span> <span class='ocrx_word' id='word_1_185' title='bbox 1904 1154 1980 1204; x_wconf 84' lang='grc' dir='ltr'>ξύν</span> <span class='ocrx_word' id='word_1_186' title='bbox 2006 1168 2204 1206; x_wconf 91' lang='lat' dir='ltr'>nusquam</span> <span class='ocrx_word' id='word_1_187' title='bbox 2238 1169 2317 1197; x_wconf 92' lang='lat' dir='ltr'>non</span> <span class='ocrx_word' id='word_1_188' title='bbox 2343 1168 2462 1207; x_wconf 89' lang='lat' dir='ltr'>repo-</span> 
     </span>
     <span class='ocr_line' id='line_1_16' title="bbox 347 1219 2462 1272; baseline 0 -14"><span class='ocrx_word' id='word_1_189' title='bbox 347 1219 523 1259; x_wconf 91' lang='lat' dir='ltr'>nendum</span> <span class='ocrx_word' id='word_1_190' title='bbox 552 1232 642 1260; x_wconf 89' lang='lat' dir='ltr'>esse</span> <span class='ocrx_word' id='word_1_191' title='bbox 671 1221 867 1260; x_wconf 87' lang='lat' dir='ltr'>existimo.</span> <span class='ocrx_word' id='word_1_192' title='bbox 926 1220 1096 1260; x_wconf 89' lang='lat' dir='ltr'>Edoceri</span> <span class='ocrx_word' id='word_1_193' title='bbox 1133 1220 1237 1259; x_wconf 84' lang='lat' dir='ltr'>enim</span> <span class='ocrx_word' id='word_1_194' title='bbox 1265 1233 1337 1259; x_wconf 91' lang='lat' dir='ltr'>nos</span> <span class='ocrx_word' id='word_1_195' title='bbox 1366 1232 1416 1259; x_wconf 86' lang='lat' dir='ltr'>ex</span> <span class='ocrx_word' id='word_1_196' title='bbox 1454 1220 1526 1259; x_wconf 93' lang='lat' dir='ltr'>hoc</span> <span class='ocrx_word' id='word_1_197' title='bbox 1555 1220 1703 1260; x_wconf 88' lang='lat' dir='ltr'>Comici</span> <span class='ocrx_word' id='word_1_198' title='bbox 1733 1232 1807 1259; x_wconf 90' lang='lat' dir='ltr'>usu</span> <span class='ocrx_word' id='word_1_199' title='bbox 1835 1219 1931 1258; x_wconf 91' lang='lat' dir='ltr'>mihi</span> <span class='ocrx_word' id='word_1_200' title='bbox 1959 1219 2098 1259; x_wconf 89' lang='lat' dir='ltr'>videor</span> <span class='ocrx_word' id='word_1_201' title='bbox 2130 1220 2363 1272; x_wconf 89' lang='lat' dir='ltr'>scripturam</span> <span class='ocrx_word' id='word_1_202' title='bbox 2391 1232 2462 1272; x_wconf 87' lang='lat' dir='ltr'>per</span> 
     </span>
     <span class='ocr_line' id='line_1_17' title="bbox 349 1276 2463 1335; baseline -0 -13"><span class='ocrx_word' id='word_1_203' title='bbox 349 1276 372 1330; x_wconf 70' lang='grc' dir='ltr'>ξ</span> <span class='ocrx_word' id='word_1_204' title='bbox 400 1284 600 1335; x_wconf 88' lang='lat' dir='ltr'>propriam</span> <span class='ocrx_word' id='word_1_205' title='bbox 629 1283 754 1323; x_wconf 87' lang='lat' dir='ltr'>fuisse</span> <span class='ocrx_word' id='word_1_206' title='bbox 783 1285 945 1334; x_wconf 90' lang='lat' dir='ltr'>linguae</span> <span class='ocrx_word' id='word_1_207' title='bbox 973 1284 1170 1334; x_wconf 80' lang='lat' dir='ltr'>vulgaris,</span> <span class='ocrx_word' id='word_1_208' title='bbox 1204 1297 1306 1334; x_wconf 90' lang='lat' dir='ltr'>quae</span> <span class='ocrx_word' id='word_1_209' title='bbox 1334 1288 1473 1334; x_wconf 88' lang='lat' dir='ltr'>postea</span> <span class='ocrx_word' id='word_1_210' title='bbox 1500 1278 1658 1334; x_wconf 73' lang='lat' dir='ltr'>quo’que</span> <span class='ocrx_word' id='word_1_211' title='bbox 1687 1282 1762 1331; x_wconf 83' lang='grc' dir='ltr'>ξύν</span> <span class='ocrx_word' id='word_1_212' title='bbox 1790 1283 1963 1323; x_wconf 89' lang='lat' dir='ltr'>servavit</span> <span class='ocrx_word' id='word_1_213' title='bbox 1990 1287 2031 1323; x_wconf 90' lang='lat' dir='ltr'>et</span> <span class='ocrx_word' id='word_1_214' title='bbox 2056 1283 2245 1333; x_wconf 84' lang='lat' dir='ltr'>amplexa</span> <span class='ocrx_word' id='word_1_215' title='bbox 2272 1288 2345 1332; x_wconf 89' lang='lat' dir='ltr'>est,</span> <span class='ocrx_word' id='word_1_216' title='bbox 2387 1281 2463 1322; x_wconf 86' lang='grc' dir='ltr'>σύν</span> 
     </span>
     <span class='ocr_line' id='line_1_18' title="bbox 348 1345 2462 1399; baseline -0 -13"><span class='ocrx_word' id='word_1_217' title='bbox 348 1359 443 1386; x_wconf 87' lang='lat' dir='ltr'>vero</span> <span class='ocrx_word' id='word_1_218' title='bbox 470 1347 708 1386; x_wconf 90' lang='lat' dir='ltr'>urbanitatis</span> <span class='ocrx_word' id='word_1_219' title='bbox 736 1347 907 1387; x_wconf 89' lang='lat' dir='ltr'>colorem</span> <span class='ocrx_word' id='word_1_220' title='bbox 935 1346 1138 1386; x_wconf 87' lang='lat' dir='ltr'>addidisse</span> <span class='ocrx_word' id='word_1_221' title='bbox 1169 1352 1208 1386; x_wconf 91' lang='lat' dir='ltr'>et</span> <span class='ocrx_word' id='word_1_222' title='bbox 1236 1346 1359 1387; x_wconf 87' lang='lat' dir='ltr'>fuisse</span> <span class='ocrx_word' id='word_1_223' title='bbox 1387 1347 1580 1399; x_wconf 82' lang='lat' dir='ltr'>polition&#39;s</span> <span class='ocrx_word' id='word_1_224' title='bbox 1609 1347 1771 1398; x_wconf 86' lang='lat' dir='ltr'>linguae</span> <span class='ocrx_word' id='word_1_225' title='bbox 1791 1346 2037 1398; x_wconf 87' lang='lat' dir='ltr'>scriptorum,</span> <span class='ocrx_word' id='word_1_226' title='bbox 2069 1345 2136 1396; x_wconf 92' lang='lat' dir='ltr'>qui</span> <span class='ocrx_word' id='word_1_227' title='bbox 2165 1351 2255 1398; x_wconf 91' lang='lat' dir='ltr'>post</span> <span class='ocrx_word' id='word_1_228' title='bbox 2282 1346 2462 1385; x_wconf 88' lang='lat' dir='ltr'>Euclidis</span> 
     </span>
     <span class='ocr_line' id='line_1_19' title="bbox 349 1409 2462 1461; baseline 0 -13"><span class='ocrx_word' id='word_1_229' title='bbox 349 1414 577 1461; x_wconf 91' lang='lat' dir='ltr'>praeturam</span> <span class='ocrx_word' id='word_1_230' title='bbox 607 1410 937 1461; x_wconf 89' lang='lat' dir='ltr'>conscripserunt.</span> <span class='ocrx_word' id='word_1_231' title='bbox 996 1410 1257 1450; x_wconf 88' lang='lat' dir='ltr'>Confirmatur</span> <span class='ocrx_word' id='word_1_232' title='bbox 1285 1411 1385 1450; x_wconf 90' lang='lat' dir='ltr'>haec</span> <span class='ocrx_word' id='word_1_233' title='bbox 1412 1423 1502 1450; x_wconf 88' lang='lat' dir='ltr'>mea</span> <span class='ocrx_word' id='word_1_234' title='bbox 1530 1411 1727 1450; x_wconf 89' lang='lat' dir='ltr'>sententia</span> <span class='ocrx_word' id='word_1_235' title='bbox 1755 1414 1953 1449; x_wconf 87' lang='lat' dir='ltr'>oratorum</span> <span class='ocrx_word' id='word_1_236' title='bbox 1982 1409 2116 1456; x_wconf 88' lang='lat' dir='ltr'>libris;</span> <span class='ocrx_word' id='word_1_237' title='bbox 2160 1421 2252 1448; x_wconf 92' lang='lat' dir='ltr'>nam</span> <span class='ocrx_word' id='word_1_238' title='bbox 2280 1409 2342 1449; x_wconf 91' lang='lat' dir='ltr'>bis</span> <span class='ocrx_word' id='word_1_239' title='bbox 2370 1414 2462 1449; x_wconf 91' lang='lat' dir='ltr'>tan-</span> 
     </span>
     <span class='ocr_line' id='line_1_20' title="bbox 350 1471 2461 1527; baseline -0 -15"><span class='ocrx_word' id='word_1_240' title='bbox 350 1478 433 1512; x_wconf 89' lang='lat' dir='ltr'>tum</span> <span class='ocrx_word' id='word_1_241' title='bbox 462 1471 537 1520; x_wconf 79' lang='grc' dir='ltr'>ξύν</span> <span class='ocrx_word' id='word_1_242' title='bbox 564 1473 645 1523; x_wconf 89' lang='lat' dir='ltr'>legi</span> <span class='ocrx_word' id='word_1_243' title='bbox 673 1473 781 1524; x_wconf 89' lang='lat' dir='ltr'>apud</span> <span class='ocrx_word' id='word_1_244' title='bbox 810 1473 1022 1514; x_wconf 87' lang='lat' dir='ltr'>Isocratem</span> <span class='ocrx_word' id='word_1_245' title='bbox 1050 1473 1173 1514; x_wconf 89' lang='lat' dir='ltr'>tradit</span> <span class='ocrx_word' id='word_1_246' title='bbox 1200 1475 1249 1513; x_wconf 91' lang='lat' dir='ltr'>H.</span> <span class='ocrx_word' id='word_1_247' title='bbox 1273 1474 1467 1526; x_wconf 87' lang='lat' dir='ltr'>Stephani</span> <span class='ocrx_word' id='word_1_248' title='bbox 1488 1474 1730 1520; x_wconf 86' lang='lat' dir='ltr'>Thesaurus,</span> <span class='ocrx_word' id='word_1_249' title='bbox 1762 1473 1831 1523; x_wconf 90' lang='lat' dir='ltr'>qui</span> <span class='ocrx_word' id='word_1_250' title='bbox 1857 1473 1934 1513; x_wconf 89' lang='lat' dir='ltr'>loci</span> <span class='ocrx_word' id='word_1_251' title='bbox 1962 1479 2004 1513; x_wconf 89' lang='lat' dir='ltr'>ut</span> <span class='ocrx_word' id='word_1_252' title='bbox 2032 1473 2349 1522; x_wconf 84' lang='lat' dir='ltr'>emendarentur,</span> <span class='ocrx_word' id='word_1_253' title='bbox 2381 1474 2461 1527; x_wconf 88' lang='lat' dir='ltr'>iam</span> 
     </span>
     <span class='ocr_line' id='line_1_21' title="bbox 349 1534 2462 1588; baseline 0 -13"><span class='ocrx_word' id='word_1_254' title='bbox 349 1536 532 1575; x_wconf 88' lang='lat' dir='ltr'>Baiterus</span> <span class='ocrx_word' id='word_1_255' title='bbox 570 1536 710 1575; x_wconf 85' lang='lat' dir='ltr'>suasit.</span> <span class='ocrx_word' id='word_1_256' title='bbox 768 1536 965 1576; x_wconf 90' lang='lat' dir='ltr'>Isocrates</span> <span class='ocrx_word' id='word_1_257' title='bbox 994 1537 1097 1576; x_wconf 89' lang='lat' dir='ltr'>hanc</span> <span class='ocrx_word' id='word_1_258' title='bbox 1134 1537 1464 1588; x_wconf 89' lang='lat' dir='ltr'>praepositionem</span> <span class='ocrx_word' id='word_1_259' title='bbox 1493 1537 1705 1576; x_wconf 90' lang='lat' dir='ltr'>adamasse</span> <span class='ocrx_word' id='word_1_260' title='bbox 1733 1548 1811 1576; x_wconf 92' lang='lat' dir='ltr'>non</span> <span class='ocrx_word' id='word_1_261' title='bbox 1839 1534 2007 1576; x_wconf 79' lang='lat' dir='ltr'>videtur.</span> <span class='ocrx_word' id='word_1_262' title='bbox 2066 1535 2148 1576; x_wconf 85' lang='lat' dir='ltr'>cfr.</span> <span class='ocrx_word' id='word_1_263' title='bbox 2181 1534 2290 1587; x_wconf 83' lang='grc' dir='ltr'><strong><em>πρὸς</em></strong></span> <span class='ocrx_word' id='word_1_264' title='bbox 2318 1534 2462 1588; x_wconf 84' lang='grc' dir='ltr'><strong><em>Δημό-</em></strong></span> 
     </span>
     <span class='ocr_line' id='line_1_22' title="bbox 348 1599 2455 1652; baseline -0 -13"><span class='ocrx_word' id='word_1_265' title='bbox 348 1613 466 1639; x_wconf 89' lang='grc' dir='ltr'><strong><em>νικον</em></strong></span> <span class='ocrx_word' id='word_1_266' title='bbox 493 1599 556 1638; x_wconf 92' lang='lat' dir='ltr'>ed.</span> <span class='ocrx_word' id='word_1_267' title='bbox 581 1599 629 1639; x_wconf 92' lang='grc' dir='ltr'>Ο.</span> <span class='ocrx_word' id='word_1_268' title='bbox 654 1599 873 1640; x_wconf 88' lang='lat' dir='ltr'>Schneider</span> <span class='ocrx_word' id='word_1_269' title='bbox 900 1600 921 1652; x_wconf 83' lang='lat'>§</span> <span class='ocrx_word' id='word_1_270' title='bbox 944 1603 1005 1639; x_wconf 85' lang='lat'>16.</span> <span class='ocrx_word' id='word_1_271' title='bbox 1037 1624 1090 1629; x_wconf 95' lang='lat'>—</span> <span class='ocrx_word' id='word_1_272' title='bbox 1118 1600 1178 1640; x_wconf 89' lang='lat' dir='ltr'>De</span> <span class='ocrx_word' id='word_1_273' title='bbox 1198 1600 1377 1640; x_wconf 89' lang='lat' dir='ltr'>Platonis</span> <span class='ocrx_word' id='word_1_274' title='bbox 1405 1600 1601 1652; x_wconf 88' lang='lat' dir='ltr'>scriptura</span> <span class='ocrx_word' id='word_1_275' title='bbox 1628 1600 1810 1640; x_wconf 88' lang='lat' dir='ltr'>conferas</span> <span class='ocrx_word' id='word_1_276' title='bbox 1838 1600 1982 1640; x_wconf 89' lang='lat' dir='ltr'>Martin</span> <span class='ocrx_word' id='word_1_277' title='bbox 2003 1599 2171 1640; x_wconf 90' lang='lat' dir='ltr'>Schanz.</span> <span class='ocrx_word' id='word_1_278' title='bbox 2202 1612 2292 1639; x_wconf 85' lang='lat' dir='ltr'>nov.</span> <span class='ocrx_word' id='word_1_279' title='bbox 2317 1611 2455 1640; x_wconf 90' lang='lat' dir='ltr'>comm.</span> 
     </span>
     <span class='ocr_line' id='line_1_23' title="bbox 349 1663 2462 1716; baseline 0 -14"><span class='ocrx_word' id='word_1_280' title='bbox 349 1664 503 1702; x_wconf 90' lang='lat' dir='ltr'>Platon.</span> <span class='ocrx_word' id='word_1_281' title='bbox 544 1676 583 1714; x_wconf 91' lang='lat' dir='ltr'>p.</span> <span class='ocrx_word' id='word_1_282' title='bbox 620 1665 692 1701; x_wconf 84' lang='lat'>157</span> <span class='ocrx_word' id='word_1_283' title='bbox 732 1668 772 1703; x_wconf 89' lang='lat' dir='ltr'>et</span> <span class='ocrx_word' id='word_1_284' title='bbox 800 1664 1030 1704; x_wconf 90' lang='lat' dir='ltr'>Schneider.</span> <span class='ocrx_word' id='word_1_285' title='bbox 1071 1664 1173 1703; x_wconf 92' lang='lat' dir='ltr'>Plat.</span> <span class='ocrx_word' id='word_1_286' title='bbox 1206 1664 1291 1703; x_wconf 90' lang='lat' dir='ltr'>Civ.</span> <span class='ocrx_word' id='word_1_287' title='bbox 1331 1677 1370 1715; x_wconf 91' lang='lat' dir='ltr'>p.</span> <span class='ocrx_word' id='word_1_288' title='bbox 1404 1665 1454 1703; x_wconf 84' lang='lat'>69</span> <span class='ocrx_word' id='word_1_289' title='bbox 1483 1664 1529 1702; x_wconf 93' lang='grc' dir='ltr'>Β.</span> <span class='ocrx_word' id='word_1_290' title='bbox 1595 1663 1814 1704; x_wconf 84' lang='lat' dir='ltr'>Alexandri</span> <span class='ocrx_word' id='word_1_291' title='bbox 1850 1664 2093 1716; x_wconf 90' lang='lat' dir='ltr'>temporibus</span> <span class='ocrx_word' id='word_1_292' title='bbox 2131 1664 2231 1703; x_wconf 92' lang='lat' dir='ltr'>haec</span> <span class='ocrx_word' id='word_1_293' title='bbox 2267 1663 2462 1714; x_wconf 87' lang='lat' dir='ltr'>scriptura</span> 
     </span>
     <span class='ocr_line' id='line_1_24' title="bbox 349 1719 2459 1778; baseline 0 -13"><span class='ocrx_word' id='word_1_294' title='bbox 349 1719 465 1778; x_wconf 50' lang='lat' dir='ltr'>per?</span> <span class='ocrx_word' id='word_1_295' title='bbox 490 1728 609 1777; x_wconf 90' lang='lat' dir='ltr'>plane</span> <span class='ocrx_word' id='word_1_296' title='bbox 638 1728 863 1767; x_wconf 83' lang='lat' dir='ltr'>exolevisse</span> <span class='ocrx_word' id='word_1_297' title='bbox 891 1740 965 1766; x_wconf 89' lang='lat' dir='ltr'>nec</span> <span class='ocrx_word' id='word_1_298' title='bbox 993 1728 1174 1767; x_wconf 89' lang='lat' dir='ltr'>adhibita</span> <span class='ocrx_word' id='word_1_299' title='bbox 1202 1728 1359 1766; x_wconf 89' lang='lat' dir='ltr'>videtur</span> <span class='ocrx_word' id='word_1_300' title='bbox 1395 1740 1507 1775; x_wconf 88' lang='lat' dir='ltr'>esse,</span> <span class='ocrx_word' id='word_1_301' title='bbox 1546 1728 1623 1766; x_wconf 91' lang='lat' dir='ltr'>nisi</span> <span class='ocrx_word' id='word_1_302' title='bbox 1652 1741 1677 1767; x_wconf 90' lang='lat' dir='ltr'>a</span> <span class='ocrx_word' id='word_1_303' title='bbox 1706 1728 1963 1778; x_wconf 88' lang='lat' dir='ltr'>scriptoribus</span> <span class='ocrx_word' id='word_1_304' title='bbox 1998 1727 2246 1777; x_wconf 84' lang='lat' dir='ltr'>antiquitatis</span> <span class='ocrx_word' id='word_1_305' title='bbox 2283 1727 2459 1777; x_wconf 81' lang='lat' dir='ltr'>speciem</span> 
     </span>
     <span class='ocr_line' id='line_1_25' title="bbox 348 1789 2461 1842; baseline -0 -13"><span class='ocrx_word' id='word_1_306' title='bbox 348 1790 642 1830; x_wconf 87' lang='lat' dir='ltr'>affectantibus.</span> <span class='ocrx_word' id='word_1_307' title='bbox 701 1791 754 1830; x_wconf 90' lang='lat' dir='ltr'>At</span> <span class='ocrx_word' id='word_1_308' title='bbox 790 1795 924 1830; x_wconf 91' lang='lat' dir='ltr'>tamen</span> <span class='ocrx_word' id='word_1_309' title='bbox 952 1791 1088 1830; x_wconf 86' lang='lat' dir='ltr'>crebro</span> <span class='ocrx_word' id='word_1_310' title='bbox 1116 1795 1282 1842; x_wconf 89' lang='lat' dir='ltr'>apparet</span> <span class='ocrx_word' id='word_1_311' title='bbox 1309 1791 1416 1842; x_wconf 89' lang='lat' dir='ltr'>apud</span> <span class='ocrx_word' id='word_1_312' title='bbox 1451 1791 1663 1842; x_wconf 91' lang='lat' dir='ltr'>scriptores</span> <span class='ocrx_word' id='word_1_313' title='bbox 1692 1790 1917 1841; x_wconf 87' lang='lat' dir='ltr'>Thucydidi</span> <span class='ocrx_word' id='word_1_314' title='bbox 1953 1790 2173 1842; x_wconf 79' lang='lat' dir='ltr'>proximos,</span> <span class='ocrx_word' id='word_1_315' title='bbox 2217 1789 2461 1841; x_wconf 89' lang='lat' dir='ltr'>Xenophon-</span> 
     </span>
     <span class='ocr_line' id='line_1_26' title="bbox 347 1851 2462 1906; baseline 0 -14"><span class='ocrx_word' id='word_1_316' title='bbox 347 1858 427 1893; x_wconf 91' lang='lat' dir='ltr'>tem</span> <span class='ocrx_word' id='word_1_317' title='bbox 456 1854 570 1903; x_wconf 90' lang='lat' dir='ltr'>alios,</span> <span class='ocrx_word' id='word_1_318' title='bbox 613 1854 721 1905; x_wconf 92' lang='lat' dir='ltr'>apud</span> <span class='ocrx_word' id='word_1_319' title='bbox 747 1866 846 1904; x_wconf 91' lang='lat' dir='ltr'>quos</span> <span class='ocrx_word' id='word_1_320' title='bbox 876 1854 1087 1905; x_wconf 88' lang='lat' dir='ltr'>scriptores</span> <span class='ocrx_word' id='word_1_321' title='bbox 1115 1854 1278 1893; x_wconf 91' lang='lat' dir='ltr'>dubium</span> <span class='ocrx_word' id='word_1_322' title='bbox 1307 1854 1475 1894; x_wconf 86' lang='lat' dir='ltr'>fortasse</span> <span class='ocrx_word' id='word_1_323' title='bbox 1504 1858 1633 1906; x_wconf 88' lang='lat' dir='ltr'>potest</span> <span class='ocrx_word' id='word_1_324' title='bbox 1660 1866 1771 1903; x_wconf 89' lang='lat' dir='ltr'>esse,</span> <span class='ocrx_word' id='word_1_325' title='bbox 1813 1858 1940 1893; x_wconf 88' lang='lat' dir='ltr'>utrum</span> <span class='ocrx_word' id='word_1_326' title='bbox 1971 1851 2047 1893; x_wconf 88' lang='grc' dir='ltr'>σύν</span> <span class='ocrx_word' id='word_1_327' title='bbox 2074 1853 2219 1904; x_wconf 88' lang='lat' dir='ltr'>ubique</span> <span class='ocrx_word' id='word_1_328' title='bbox 2248 1853 2462 1892; x_wconf 84' lang='lat' dir='ltr'>restituen-</span> 
     </span>
     <span class='ocr_line' id='line_1_27' title="bbox 349 1917 2462 1976; baseline -0 -19"><span class='ocrx_word' id='word_1_329' title='bbox 349 1918 442 1957; x_wconf 92' lang='lat' dir='ltr'>dum</span> <span class='ocrx_word' id='word_1_330' title='bbox 472 1917 557 1976; x_wconf 32' lang='lat' dir='ltr'>sit,</span> <span class='ocrx_word' id='word_1_331' title='bbox 585 1930 722 1957; x_wconf 90' lang='lat' dir='ltr'>necne.</span> <span class='ocrx_word' id='word_1_332' title='bbox 783 1918 1061 1970; x_wconf 90' lang='lat' dir='ltr'>Xenophontis</span> <span class='ocrx_word' id='word_1_333' title='bbox 1097 1919 1202 1958; x_wconf 90' lang='lat' dir='ltr'>enim</span> <span class='ocrx_word' id='word_1_334' title='bbox 1239 1923 1325 1958; x_wconf 89' lang='lat' dir='ltr'>erat</span> <span class='ocrx_word' id='word_1_335' title='bbox 1358 1918 1401 1958; x_wconf 89' lang='lat' dir='ltr'>in</span> <span class='ocrx_word' id='word_1_336' title='bbox 1429 1918 1608 1958; x_wconf 90' lang='lat' dir='ltr'>chartam</span> <span class='ocrx_word' id='word_1_337' title='bbox 1640 1917 1835 1958; x_wconf 87' lang='lat' dir='ltr'>coniicere</span> <span class='ocrx_word' id='word_1_338' title='bbox 1863 1930 1991 1968; x_wconf 90' lang='lat' dir='ltr'>neque</span> <span class='ocrx_word' id='word_1_339' title='bbox 2019 1918 2142 1957; x_wconf 89' lang='lat' dir='ltr'>multo</span> <span class='ocrx_word' id='word_1_340' title='bbox 2180 1917 2299 1956; x_wconf 90' lang='lat' dir='ltr'>limae</span> <span class='ocrx_word' id='word_1_341' title='bbox 2327 1917 2462 1956; x_wconf 91' lang='lat' dir='ltr'>labore</span> 
     </span>
     <span class='ocr_line' id='line_1_28' title="bbox 350 1979 2461 2031; baseline -0.001 -11"><span class='ocrx_word' id='word_1_342' title='bbox 350 1994 471 2031; x_wconf 89' lang='lat' dir='ltr'>opera</span> <span class='ocrx_word' id='word_1_343' title='bbox 504 1982 716 2031; x_wconf 89' lang='lat' dir='ltr'>perpolire.</span> <span class='ocrx_word' id='word_1_344' title='bbox 775 1981 863 2027; x_wconf 84' lang='lat' dir='ltr'>Quo</span> <span class='ocrx_word' id='word_1_345' title='bbox 892 1981 955 2029; x_wconf 87' lang='lat' dir='ltr'>fit,</span> <span class='ocrx_word' id='word_1_346' title='bbox 998 1986 1040 2019; x_wconf 93' lang='lat' dir='ltr'>ut</span> <span class='ocrx_word' id='word_1_347' title='bbox 1067 1994 1146 2020; x_wconf 91' lang='lat' dir='ltr'>non</span> <span class='ocrx_word' id='word_1_348' title='bbox 1174 1982 1318 2031; x_wconf 90' lang='lat' dir='ltr'>ubique</span> <span class='ocrx_word' id='word_1_349' title='bbox 1356 1986 1544 2020; x_wconf 87' lang='lat' dir='ltr'>constans</span> <span class='ocrx_word' id='word_1_350' title='bbox 1572 1981 1648 2020; x_wconf 91' lang='lat' dir='ltr'>sibi</span> <span class='ocrx_word' id='word_1_351' title='bbox 1677 1981 1860 2020; x_wconf 89' lang='lat' dir='ltr'>videatur</span> <span class='ocrx_word' id='word_1_352' title='bbox 1887 1981 1974 2019; x_wconf 89' lang='lat' dir='ltr'>eius</span> <span class='ocrx_word' id='word_1_353' title='bbox 2009 1980 2190 2019; x_wconf 88' lang='lat' dir='ltr'>elocutio.</span> <span class='ocrx_word' id='word_1_354' title='bbox 2249 1980 2296 2018; x_wconf 90' lang='lat' dir='ltr'>In</span> <span class='ocrx_word' id='word_1_355' title='bbox 2324 1979 2461 2031; x_wconf 90' lang='lat' dir='ltr'>primis</span> 
     </span>
     <span class='ocr_line' id='line_1_29' title="bbox 348 2043 2460 2096; baseline -0.001 -13"><span class='ocrx_word' id='word_1_356' title='bbox 348 2045 390 2083; x_wconf 91' lang='lat' dir='ltr'>in</span> <span class='ocrx_word' id='word_1_357' title='bbox 418 2044 638 2084; x_wconf 88' lang='lat' dir='ltr'>Hellenicis</span> <span class='ocrx_word' id='word_1_358' title='bbox 668 2050 707 2084; x_wconf 87' lang='lat' dir='ltr'>et</span> <span class='ocrx_word' id='word_1_359' title='bbox 734 2045 775 2083; x_wconf 89' lang='lat' dir='ltr'>in</span> <span class='ocrx_word' id='word_1_360' title='bbox 803 2044 1130 2084; x_wconf 89' lang='lat' dir='ltr'>Memorabilibus</span> <span class='ocrx_word' id='word_1_361' title='bbox 1159 2044 1232 2091; x_wconf 78' lang='grc' dir='ltr'>ξύν</span> <span class='ocrx_word' id='word_1_362' title='bbox 1259 2045 1310 2084; x_wconf 93' lang='lat' dir='ltr'>ab</span> <span class='ocrx_word' id='word_1_363' title='bbox 1339 2045 1499 2096; x_wconf 90' lang='lat' dir='ltr'>optimis</span> <span class='ocrx_word' id='word_1_364' title='bbox 1527 2044 1642 2084; x_wconf 91' lang='lat' dir='ltr'>codd.</span> <span class='ocrx_word' id='word_1_365' title='bbox 1676 2044 1968 2094; x_wconf 88' lang='lat' dir='ltr'>suppeditatur,</span> <span class='ocrx_word' id='word_1_366' title='bbox 2007 2043 2080 2083; x_wconf 89' lang='lat' dir='ltr'>sed</span> <span class='ocrx_word' id='word_1_367' title='bbox 2107 2049 2241 2084; x_wconf 87' lang='lat' dir='ltr'>tamen</span> <span class='ocrx_word' id='word_1_368' title='bbox 2270 2043 2391 2083; x_wconf 91' lang='lat' dir='ltr'>etiam</span> <span class='ocrx_word' id='word_1_369' title='bbox 2420 2043 2460 2081; x_wconf 91' lang='lat' dir='ltr'>hi</span> 
     </span>
     <span class='ocr_line' id='line_1_30' title="bbox 350 2105 2461 2158; baseline -0 -12"><span class='ocrx_word' id='word_1_370' title='bbox 350 2107 499 2146; x_wconf 85' lang='lat' dir='ltr'>formae</span> <span class='ocrx_word' id='word_1_371' title='bbox 529 2105 606 2146; x_wconf 85' lang='grc' dir='ltr'>σύν</span> <span class='ocrx_word' id='word_1_372' title='bbox 633 2107 782 2147; x_wconf 87' lang='lat' dir='ltr'>favent.</span> <span class='ocrx_word' id='word_1_373' title='bbox 825 2107 1032 2158; x_wconf 89' lang='lat' dir='ltr'>Nusquam</span> <span class='ocrx_word' id='word_1_374' title='bbox 1053 2107 1142 2158; x_wconf 87' lang='lat' dir='ltr'>jam</span> <span class='ocrx_word' id='word_1_375' title='bbox 1163 2106 1427 2147; x_wconf 87' lang='lat' dir='ltr'>Schneiderus</span> <span class='ocrx_word' id='word_1_376' title='bbox 1455 2107 1558 2147; x_wconf 88' lang='lat' dir='ltr'>hanc</span> <span class='ocrx_word' id='word_1_377' title='bbox 1586 2106 1751 2146; x_wconf 85' lang='lat' dir='ltr'>formam</span> <span class='ocrx_word' id='word_1_378' title='bbox 1781 2107 1943 2147; x_wconf 84' lang='lat' dir='ltr'>exhibet</span> <span class='ocrx_word' id='word_1_379' title='bbox 1968 2106 2010 2146; x_wconf 91' lang='lat' dir='ltr'>in</span> <span class='ocrx_word' id='word_1_380' title='bbox 2029 2106 2260 2146; x_wconf 88' lang='lat' dir='ltr'>Anabaseos</span> <span class='ocrx_word' id='word_1_381' title='bbox 2288 2105 2461 2150; x_wconf 88' lang='lat' dir='ltr'>editione</span> 
     </span>
     <span class='ocr_line' id='line_1_31' title="bbox 350 2168 2461 2222; baseline -0.001 -13"><span class='ocrx_word' id='word_1_382' title='bbox 350 2170 545 2218; x_wconf 89' lang='lat' dir='ltr'>secunda,</span> <span class='ocrx_word' id='word_1_383' title='bbox 588 2176 647 2209; x_wconf 84' lang='lat' dir='ltr'>ter</span> <span class='ocrx_word' id='word_1_384' title='bbox 673 2171 714 2209; x_wconf 91' lang='lat' dir='ltr'>in</span> <span class='ocrx_word' id='word_1_385' title='bbox 743 2171 891 2222; x_wconf 88' lang='lat' dir='ltr'>Cyrop.</span> <span class='ocrx_word' id='word_1_386' title='bbox 922 2171 998 2210; x_wconf 91' lang='lat' dir='ltr'>VII</span> <span class='ocrx_word' id='word_1_387' title='bbox 1027 2174 1063 2219; x_wconf 86' lang='lat'>5,</span> <span class='ocrx_word' id='word_1_388' title='bbox 1099 2173 1122 2208; x_wconf 87' lang='lat'>6</span> <span class='ocrx_word' id='word_1_389' title='bbox 1159 2171 1382 2222; x_wconf 81' lang='grc' dir='ltr'><strong><em>ξυνείρειν;</em></strong></span> <span class='ocrx_word' id='word_1_390' title='bbox 1423 2172 1478 2209; x_wconf 93' lang='lat' dir='ltr'>IV</span> <span class='ocrx_word' id='word_1_391' title='bbox 1506 2174 1549 2218; x_wconf 87' lang='lat'>6,</span> <span class='ocrx_word' id='word_1_392' title='bbox 1584 2175 1606 2208; x_wconf 88' lang='lat'>5</span> <span class='ocrx_word' id='word_1_393' title='bbox 1645 2168 1860 2222; x_wconf 82' lang='grc' dir='ltr'><strong><em>ξυμφορά;</em></strong></span> <span class='ocrx_word' id='word_1_394' title='bbox 1902 2170 1997 2209; x_wconf 95' lang='lat' dir='ltr'><strong>VIII</strong></span> <span class='ocrx_word' id='word_1_395' title='bbox 2025 2173 2063 2219; x_wconf 85' lang='lat'>4,</span> <span class='ocrx_word' id='word_1_396' title='bbox 2097 2173 2145 2208; x_wconf 86' lang='lat'>27</span> <span class='ocrx_word' id='word_1_397' title='bbox 2184 2170 2461 2221; x_wconf 80' lang='grc' dir='ltr'><strong><em>ξυμπροπέμ-</em></strong></span> 
     </span>
     <span class='ocr_line' id='line_1_32' title="bbox 350 2232 2461 2285; baseline -0 -13"><span class='ocrx_word' id='word_1_398' title='bbox 350 2248 465 2280; x_wconf 63' lang='lat' dir='ltr'>nem</span> <span class='ocrx_word' id='word_1_399' title='bbox 513 2234 638 2273; x_wconf 89' lang='lat' dir='ltr'>semel</span> <span class='ocrx_word' id='word_1_400' title='bbox 675 2235 716 2273; x_wconf 89' lang='lat' dir='ltr'>in</span> <span class='ocrx_word' id='word_1_401' title='bbox 753 2234 900 2274; x_wconf 92' lang='lat' dir='ltr'>Laced.</span> <span class='ocrx_word' id='word_1_402' title='bbox 931 2247 1014 2285; x_wconf 91' lang='lat' dir='ltr'>rep.</span> <span class='ocrx_word' id='word_1_403' title='bbox 1047 2234 1088 2273; x_wconf 96' lang='lat' dir='ltr'>II</span> <span class='ocrx_word' id='word_1_404' title='bbox 1121 2237 1136 2272; x_wconf 94' lang='lat'>1</span> <span class='ocrx_word' id='word_1_405' title='bbox 1178 2234 1375 2282; x_wconf 80' lang='grc' dir='ltr'><strong><em>ξυνίεναι.</em></strong></span> <span class='ocrx_word' id='word_1_406' title='bbox 1433 2234 1625 2285; x_wconf 88' lang='lat' dir='ltr'>Perpauci</span> <span class='ocrx_word' id='word_1_407' title='bbox 1660 2234 1783 2284; x_wconf 89' lang='lat' dir='ltr'>igitur</span> <span class='ocrx_word' id='word_1_408' title='bbox 1816 2234 1927 2285; x_wconf 90' lang='lat' dir='ltr'>apud</span> <span class='ocrx_word' id='word_1_409' title='bbox 1962 2246 2051 2273; x_wconf 91' lang='lat' dir='ltr'>eum</span> <span class='ocrx_word' id='word_1_410' title='bbox 2088 2232 2208 2272; x_wconf 86' lang='lat' dir='ltr'>huius</span> <span class='ocrx_word' id='word_1_411' title='bbox 2246 2233 2461 2284; x_wconf 86' lang='lat' dir='ltr'>scripturae</span> 
     </span>
     <span class='ocr_line' id='line_1_33' title="bbox 350 2288 2461 2349; baseline 0 -14"><span class='ocrx_word' id='word_1_412' title='bbox 350 2301 442 2336; x_wconf 87' lang='lat' dir='ltr'>sunt</span> <span class='ocrx_word' id='word_1_413' title='bbox 474 2297 570 2346; x_wconf 91' lang='lat' dir='ltr'>loci,</span> <span class='ocrx_word' id='word_1_414' title='bbox 612 2296 679 2336; x_wconf 92' lang='lat' dir='ltr'>nbi</span> <span class='ocrx_word' id='word_1_415' title='bbox 707 2297 847 2349; x_wconf 91' lang='lat' dir='ltr'>optimi</span> <span class='ocrx_word' id='word_1_416' title='bbox 875 2296 991 2336; x_wconf 89' lang='lat' dir='ltr'>codd.</span> <span class='ocrx_word' id='word_1_417' title='bbox 1021 2297 1063 2336; x_wconf 92' lang='lat' dir='ltr'>in</span> <span class='ocrx_word' id='word_1_418' title='bbox 1092 2288 1117 2345; x_wconf 75' lang='grc' dir='ltr'><strong><em>ξ</em></strong></span> <span class='ocrx_word' id='word_1_419' title='bbox 1142 2297 1390 2349; x_wconf 91' lang='lat' dir='ltr'>conspirant,</span> <span class='ocrx_word' id='word_1_420' title='bbox 1430 2297 1487 2337; x_wconf 87' lang='lat' dir='ltr'>ita</span> <span class='ocrx_word' id='word_1_421' title='bbox 1514 2302 1557 2337; x_wconf 91' lang='lat' dir='ltr'>ut</span> <span class='ocrx_word' id='word_1_422' title='bbox 1588 2297 1668 2337; x_wconf 91' lang='lat' dir='ltr'>iam</span> <span class='ocrx_word' id='word_1_423' title='bbox 1705 2302 1866 2349; x_wconf 88' lang='lat' dir='ltr'>propter</span> <span class='ocrx_word' id='word_1_424' title='bbox 1892 2297 1995 2337; x_wconf 90' lang='lat' dir='ltr'>hanc</span> <span class='ocrx_word' id='word_1_425' title='bbox 2022 2297 2193 2337; x_wconf 84' lang='lat' dir='ltr'>locorum</span> <span class='ocrx_word' id='word_1_426' title='bbox 2221 2295 2461 2347; x_wconf 91' lang='lat' dir='ltr'>paucitatem</span> 
     </span>
     <span class='ocr_line' id='line_1_34' title="bbox 350 2350 2463 2412; baseline 0 -14"><span class='ocrx_word' id='word_1_427' title='bbox 350 2360 417 2399; x_wconf 85' lang='lat' dir='ltr'>vix</span> <span class='ocrx_word' id='word_1_428' title='bbox 446 2360 629 2400; x_wconf 90' lang='lat' dir='ltr'>dubitare</span> <span class='ocrx_word' id='word_1_429' title='bbox 657 2360 868 2410; x_wconf 90' lang='lat' dir='ltr'>possimus,</span> <span class='ocrx_word' id='word_1_430' title='bbox 902 2360 998 2410; x_wconf 92' lang='lat' dir='ltr'>quin</span> <span class='ocrx_word' id='word_1_431' title='bbox 1017 2350 1242 2412; x_wconf 83' lang='lat' dir='ltr'>Xenophon</span> <span class='ocrx_word' id='word_1_432' title='bbox 1270 2360 1323 2400; x_wconf 91' lang='lat' dir='ltr'>ad</span> <span class='ocrx_word' id='word_1_433' title='bbox 1351 2360 1516 2400; x_wconf 82' lang='lat' dir='ltr'>formam</span> <span class='ocrx_word' id='word_1_434' title='bbox 1544 2361 1782 2411; x_wconf 91' lang='lat' dir='ltr'>aequalibus</span> <span class='ocrx_word' id='word_1_435' title='bbox 1800 2372 2046 2401; x_wconf 90' lang='lat' dir='ltr'>communem</span> <span class='ocrx_word' id='word_1_436' title='bbox 2076 2372 2231 2411; x_wconf 90' lang='lat' dir='ltr'>semper</span> <span class='ocrx_word' id='word_1_437' title='bbox 2259 2359 2463 2411; x_wconf 89' lang='lat' dir='ltr'>scripserit</span> 
     </span>
     <span class='ocr_line' id='line_1_35' title="bbox 352 2421 2460 2476; baseline 0 -14"><span class='ocrx_word' id='word_1_438' title='bbox 352 2423 442 2463; x_wconf 87' lang='grc' dir='ltr'><strong><em>σύν.</em></strong></span> <span class='ocrx_word' id='word_1_439' title='bbox 501 2424 741 2463; x_wconf 89' lang='lat' dir='ltr'>Persuasum</span> <span class='ocrx_word' id='word_1_440' title='bbox 775 2424 880 2464; x_wconf 89' lang='lat' dir='ltr'>enim</span> <span class='ocrx_word' id='word_1_441' title='bbox 908 2424 1036 2463; x_wconf 88' lang='lat' dir='ltr'>habeo</span> <span class='ocrx_word' id='word_1_442' title='bbox 1064 2437 1115 2464; x_wconf 81' lang='lat' dir='ltr'>ex</span> <span class='ocrx_word' id='word_1_443' title='bbox 1142 2425 1204 2472; x_wconf 90' lang='lat' dir='ltr'>iis,</span> <span class='ocrx_word' id='word_1_444' title='bbox 1246 2437 1350 2474; x_wconf 89' lang='lat' dir='ltr'>quae</span> <span class='ocrx_word' id='word_1_445' title='bbox 1379 2437 1500 2475; x_wconf 90' lang='lat' dir='ltr'>supra</span> <span class='ocrx_word' id='word_1_446' title='bbox 1526 2424 1672 2472; x_wconf 89' lang='lat' dir='ltr'>monui,</span> <span class='ocrx_word' id='word_1_447' title='bbox 1713 2437 1906 2476; x_wconf 90' lang='lat' dir='ltr'>apparere</span> <span class='ocrx_word' id='word_1_448' title='bbox 1942 2436 2018 2463; x_wconf 92' lang='lat' dir='ltr'>non</span> <span class='ocrx_word' id='word_1_449' title='bbox 2048 2421 2135 2471; x_wconf 83' lang='grc' dir='ltr'>ξύν,</span> <span class='ocrx_word' id='word_1_450' title='bbox 2178 2423 2250 2463; x_wconf 87' lang='lat' dir='ltr'>sed</span> <span class='ocrx_word' id='word_1_451' title='bbox 2279 2421 2356 2463; x_wconf 88' lang='grc' dir='ltr'>σύν</span> <span class='ocrx_word' id='word_1_452' title='bbox 2381 2423 2460 2462; x_wconf 85' lang='lat' dir='ltr'>iam</span> 
     </span>
     <span class='ocr_line' id='line_1_36' title="bbox 352 2486 2462 2539; baseline 0 -13"><span class='ocrx_word' id='word_1_453' title='bbox 352 2487 438 2527; x_wconf 88' lang='lat' dir='ltr'>eius</span> <span class='ocrx_word' id='word_1_454' title='bbox 476 2486 619 2526; x_wconf 90' lang='lat' dir='ltr'>aetatis</span> <span class='ocrx_word' id='word_1_455' title='bbox 660 2487 805 2536; x_wconf 82' lang='lat' dir='ltr'>fuisse,</span> <span class='ocrx_word' id='word_1_456' title='bbox 851 2499 931 2538; x_wconf 89' lang='lat' dir='ltr'>qua</span> <span class='ocrx_word' id='word_1_457' title='bbox 966 2487 1189 2539; x_wconf 91' lang='lat' dir='ltr'>Xenophon</span> <span class='ocrx_word' id='word_1_458' title='bbox 1225 2488 1349 2528; x_wconf 91' lang='lat' dir='ltr'>libros</span> <span class='ocrx_word' id='word_1_459' title='bbox 1385 2499 1479 2528; x_wconf 86' lang='lat' dir='ltr'>suos</span> <span class='ocrx_word' id='word_1_460' title='bbox 1522 2487 1796 2528; x_wconf 87' lang='lat' dir='ltr'>conscriberet.</span> <span class='ocrx_word' id='word_1_461' title='bbox 1856 2487 1945 2536; x_wconf 83' lang='lat' dir='ltr'>Qua</span> <span class='ocrx_word' id='word_1_462' title='bbox 1979 2486 2029 2527; x_wconf 91' lang='lat' dir='ltr'>de</span> <span class='ocrx_word' id='word_1_463' title='bbox 2065 2499 2187 2527; x_wconf 88' lang='lat' dir='ltr'>causa</span> <span class='ocrx_word' id='word_1_464' title='bbox 2222 2486 2462 2527; x_wconf 88' lang='lat' dir='ltr'>recentiores</span> 
     </span>
     <span class='ocr_line' id='line_1_37' title="bbox 352 2550 2462 2603; baseline -0 -14"><span class='ocrx_word' id='word_1_465' title='bbox 352 2551 525 2590; x_wconf 88' lang='lat' dir='ltr'>editores</span> <span class='ocrx_word' id='word_1_466' title='bbox 562 2551 707 2600; x_wconf 89' lang='lat' dir='ltr'>ubique</span> <span class='ocrx_word' id='word_1_467' title='bbox 744 2550 820 2590; x_wconf 86' lang='grc' dir='ltr'>σύν</span> <span class='ocrx_word' id='word_1_468' title='bbox 853 2563 923 2602; x_wconf 90' lang='lat' dir='ltr'>pro</span> <span class='ocrx_word' id='word_1_469' title='bbox 960 2550 1035 2599; x_wconf 82' lang='grc' dir='ltr'>ξύν</span> <span class='ocrx_word' id='word_1_470' title='bbox 1063 2563 1134 2590; x_wconf 89' lang='lat' dir='ltr'>suo</span> <span class='ocrx_word' id='word_1_471' title='bbox 1171 2552 1257 2591; x_wconf 91' lang='lat' dir='ltr'>iure</span> <span class='ocrx_word' id='word_1_472' title='bbox 1285 2552 1541 2603; x_wconf 89' lang='lat' dir='ltr'>Xenophonti</span> <span class='ocrx_word' id='word_1_473' title='bbox 1573 2551 1794 2591; x_wconf 89' lang='lat' dir='ltr'>restituisse</span> <span class='ocrx_word' id='word_1_474' title='bbox 1822 2551 1919 2590; x_wconf 90' lang='lat' dir='ltr'>mihi</span> <span class='ocrx_word' id='word_1_475' title='bbox 1946 2551 2143 2600; x_wconf 87' lang='lat' dir='ltr'>videntur,</span> <span class='ocrx_word' id='word_1_476' title='bbox 2184 2550 2248 2589; x_wconf 75' lang='lat' dir='ltr'>uti</span> <span class='ocrx_word' id='word_1_477' title='bbox 2274 2550 2319 2589; x_wconf 89' lang='lat' dir='ltr'>F.</span> <span class='ocrx_word' id='word_1_478' title='bbox 2353 2550 2462 2589; x_wconf 92' lang='lat' dir='ltr'>Voll—</span> 
     </span>
     <span class='ocr_line' id='line_1_38' title="bbox 351 2612 2462 2664; baseline -0.001 -9"><span class='ocrx_word' id='word_1_479' title='bbox 351 2614 501 2655; x_wconf 90' lang='lat' dir='ltr'>brecht.</span> <span class='ocrx_word' id='word_1_480' title='bbox 533 2614 574 2654; x_wconf 94' lang='lat' dir='ltr'>in</span> <span class='ocrx_word' id='word_1_481' title='bbox 592 2614 784 2663; x_wconf 89' lang='lat' dir='ltr'>Anabasi,</span> <span class='ocrx_word' id='word_1_482' title='bbox 817 2615 860 2653; x_wconf 91' lang='lat' dir='ltr'>L.</span> <span class='ocrx_word' id='word_1_483' title='bbox 885 2614 1067 2654; x_wconf 89' lang='lat' dir='ltr'>Dindorf.</span> <span class='ocrx_word' id='word_1_484' title='bbox 1100 2616 1145 2654; x_wconf 94' lang='lat' dir='ltr'>B.</span> <span class='ocrx_word' id='word_1_485' title='bbox 1170 2614 1554 2655; x_wconf 90' lang='lat' dir='ltr'>Buechsenschuetz.</span> <span class='ocrx_word' id='word_1_486' title='bbox 1587 2615 1628 2654; x_wconf 91' lang='lat' dir='ltr'>in</span> <span class='ocrx_word' id='word_1_487' title='bbox 1657 2615 1887 2655; x_wconf 89' lang='lat' dir='ltr'>Hellenicis.</span> <span class='ocrx_word' id='word_1_488' title='bbox 1933 2615 2081 2654; x_wconf 91' lang='lat' dir='ltr'>Tribuo</span> <span class='ocrx_word' id='word_1_489' title='bbox 2108 2613 2229 2664; x_wconf 88' lang='lat' dir='ltr'>igitur</span> <span class='ocrx_word' id='word_1_490' title='bbox 2257 2612 2332 2661; x_wconf 87' lang='grc' dir='ltr'>ξύν</span> <span class='ocrx_word' id='word_1_491' title='bbox 2359 2613 2462 2653; x_wconf 88' lang='lat' dir='ltr'>anti-</span> 
     </span>
     <span class='ocr_line' id='line_1_39' title="bbox 351 2674 1260 2729; baseline 0 -11"><span class='ocrx_word' id='word_1_492' title='bbox 351 2678 491 2729; x_wconf 87' lang='lat' dir='ltr'>quiori,</span> <span class='ocrx_word' id='word_1_493' title='bbox 526 2674 604 2717; x_wconf 84' lang='grc' dir='ltr'>σύν</span> <span class='ocrx_word' id='word_1_494' title='bbox 630 2677 838 2717; x_wconf 90' lang='lat' dir='ltr'>recentiori</span> <span class='ocrx_word' id='word_1_495' title='bbox 864 2677 1019 2718; x_wconf 84' lang='lat' dir='ltr'>Atticae</span> <span class='ocrx_word' id='word_1_496' title='bbox 1048 2678 1260 2718; x_wconf 77' lang='lat' dir='ltr'>dialect0.*</span> 
     </span>
    </p>

    <p class='ocr_par' dir='ltr' id='par_1_3' title="bbox 351 2740 2465 2919">
     <span class='ocr_line' id='line_1_40' title="bbox 458 2740 2457 2793; baseline -0.002 -13"><span class='ocrx_word' id='word_1_497' title='bbox 458 2742 575 2780; x_wconf 88' lang='lat' dir='ltr'>Nunc</span> <span class='ocrx_word' id='word_1_498' title='bbox 602 2741 943 2790; x_wconf 83' lang='lat' dir='ltr'>transgrediamur</span> <span class='ocrx_word' id='word_1_499' title='bbox 970 2741 1024 2780; x_wconf 90' lang='lat' dir='ltr'>ad</span> <span class='ocrx_word' id='word_1_500' title='bbox 1051 2754 1194 2781; x_wconf 92' lang='lat' dir='ltr'>nomen</span> <span class='ocrx_word' id='word_1_501' title='bbox 1224 2742 1398 2793; x_wconf 84' lang='grc' dir='ltr'>φαῦλος,</span> <span class='ocrx_word' id='word_1_502' title='bbox 1427 2741 1532 2792; x_wconf 91' lang='lat' dir='ltr'>quod</span> <span class='ocrx_word' id='word_1_503' title='bbox 1561 2742 1749 2793; x_wconf 80' lang='grc' dir='ltr'><strong><em>φλαῦρος</em></strong></span> <span class='ocrx_word' id='word_1_504' title='bbox 1776 2753 1931 2791; x_wconf 83' lang='lat' dir='ltr'>quoque</span> <span class='ocrx_word' id='word_1_505' title='bbox 1959 2741 2155 2780; x_wconf 90' lang='lat' dir='ltr'>scribitur.</span> <span class='ocrx_word' id='word_1_506' title='bbox 2216 2740 2322 2779; x_wconf 89' lang='lat' dir='ltr'>Illud</span> <span class='ocrx_word' id='word_1_507' title='bbox 2350 2751 2457 2786; x_wconf 79' lang='lat' dir='ltr'>vere,</span> 
     </span>
     <span class='ocr_line' id='line_1_41' title="bbox 351 2802 2465 2857; baseline -0.002 -13"><span class='ocrx_word' id='word_1_508' title='bbox 351 2803 456 2855; x_wconf 90' lang='lat' dir='ltr'>quod</span> <span class='ocrx_word' id='word_1_509' title='bbox 491 2803 739 2855; x_wconf 87' lang='lat' dir='ltr'>grammatici</span> <span class='ocrx_word' id='word_1_510' title='bbox 778 2808 975 2851; x_wconf 84' lang='lat' dir='ltr'>statuunt,</span> <span class='ocrx_word' id='word_1_511' title='bbox 1017 2803 1252 2844; x_wconf 79' lang='lat' dir='ltr'>discrimen:</span> <span class='ocrx_word' id='word_1_512' title='bbox 1304 2806 1496 2857; x_wconf 83' lang='grc' dir='ltr'><strong><em>φλαῦρον</em></strong></span> <span class='ocrx_word' id='word_1_513' title='bbox 1524 2803 1570 2843; x_wconf 84' lang='grc' dir='ltr'>τὸ</span> <span class='ocrx_word' id='word_1_514' title='bbox 1599 2802 1749 2855; x_wconf 86' lang='grc' dir='ltr'><strong><em>μικρὸν</em></strong></span> <span class='ocrx_word' id='word_1_515' title='bbox 1775 2802 1917 2852; x_wconf 79' lang='grc' dir='ltr'><strong><em>κακὸν,</em></strong></span> <span class='ocrx_word' id='word_1_516' title='bbox 1957 2804 2124 2857; x_wconf 81' lang='grc' dir='ltr'><strong><em>φαῦλον</em></strong></span> <span class='ocrx_word' id='word_1_517' title='bbox 2150 2802 2197 2843; x_wconf 87' lang='grc' dir='ltr'>τὸ</span> <span class='ocrx_word' id='word_1_518' title='bbox 2225 2805 2354 2854; x_wconf 88' lang='grc' dir='ltr'><strong><em>μέγα,</em></strong></span> <span class='ocrx_word' id='word_1_519' title='bbox 2394 2805 2465 2840; x_wconf 89' lang='lat' dir='ltr'>aut</span> 
     </span>
     <span class='ocr_line' id='line_1_42' title="bbox 353 2863 2463 2919; baseline -0.002 -12"><span class='ocrx_word' id='word_1_520' title='bbox 353 2880 496 2907; x_wconf 88' lang='lat' dir='ltr'>vanum</span> <span class='ocrx_word' id='word_1_521' title='bbox 526 2867 683 2907; x_wconf 88' lang='lat' dir='ltr'>videtur</span> <span class='ocrx_word' id='word_1_522' title='bbox 711 2879 812 2915; x_wconf 77' lang='lat' dir='ltr'>esse,</span> <span class='ocrx_word' id='word_1_523' title='bbox 851 2872 920 2906; x_wconf 90' lang='lat' dir='ltr'>aut</span> <span class='ocrx_word' id='word_1_524' title='bbox 945 2872 1026 2907; x_wconf 92' lang='lat' dir='ltr'>tam</span> <span class='ocrx_word' id='word_1_525' title='bbox 1055 2868 1212 2916; x_wconf 86' lang='lat' dir='ltr'>subtile,</span> <span class='ocrx_word' id='word_1_526' title='bbox 1251 2873 1293 2907; x_wconf 92' lang='lat' dir='ltr'>ut</span> <span class='ocrx_word' id='word_1_527' title='bbox 1320 2881 1459 2919; x_wconf 91' lang='lat' dir='ltr'>parum</span> <span class='ocrx_word' id='word_1_528' title='bbox 1488 2879 1561 2906; x_wconf 90' lang='lat' dir='ltr'>nos</span> <span class='ocrx_word' id='word_1_529' title='bbox 1588 2866 1764 2906; x_wconf 86' lang='lat' dir='ltr'>adiuvet.</span> <span class='ocrx_word' id='word_1_530' title='bbox 1825 2867 1992 2913; x_wconf 81' lang='grc' dir='ltr'><strong><em>Φαῦλος</em></strong></span> <span class='ocrx_word' id='word_1_531' title='bbox 2019 2878 2178 2918; x_wconf 85' lang='lat' dir='ltr'>semper</span> <span class='ocrx_word' id='word_1_532' title='bbox 2204 2863 2463 2915; x_wconf 86' lang='lat' dir='ltr'>Thucydides</span> 
     </span>
    </p>
   </div>
   <div class='ocr_carea' id='block_1_3' title="bbox 439 2953 733 2958">
    <p class='ocr_par' dir='ltr' id='par_1_4' title="bbox 439 2953 733 2958">
     <span class='ocr_line' id='line_1_43' title="bbox 439 2953 733 2958; baseline 0 0"><span class='ocrx_word' id='word_1_533' title='bbox 439 2953 733 2958; x_wconf 95' lang='lat' dir='ltr'> </span> 
     </span>
    </p>
   </div>
   <div class='ocr_carea' id='block_1_4' title="bbox 460 3003 1340 3049">
    <p class='ocr_par' dir='ltr' id='par_1_5' title="bbox 460 3003 1340 3049">
     <span class='ocr_line' id='line_1_44' title="bbox 460 3003 1340 3049; baseline 0.002 -12"><span class='ocrx_word' id='word_1_534' title='bbox 460 3007 476 3023; x_wconf 80' lang='lat'>&#39;⁸&#39;</span> <span class='ocrx_word' id='word_1_535' title='bbox 500 3005 620 3048; x_wconf 89' lang='lat' dir='ltr'>Tycho</span> <span class='ocrx_word' id='word_1_536' title='bbox 643 3005 844 3042; x_wconf 79' lang='lat' dir='ltr'>Mommsen,</span> <span class='ocrx_word' id='word_1_537' title='bbox 871 3005 922 3038; x_wconf 87' lang='lat' dir='ltr'>De</span> <span class='ocrx_word' id='word_1_538' title='bbox 945 3004 1010 3042; x_wconf 76' lang='grc' dir='ltr'>ξύν</span> <span class='ocrx_word' id='word_1_539' title='bbox 1032 3010 1068 3038; x_wconf 87' lang='lat' dir='ltr'>et</span> <span class='ocrx_word' id='word_1_540' title='bbox 1088 3003 1175 3049; x_wconf 76' lang='grc' dir='ltr'><strong><em>μετά</em></strong></span> <span class='ocrx_word' id='word_1_541' title='bbox 1198 3016 1340 3048; x_wconf 76' lang='lat' dir='ltr'>praepp.</span> 
     </span>
    </p>
   </div>
  </div>
 </body>
</html>
